4534 5850
480 536 552 607 288
825 526 1185 604 MUNIMENTA
1210 520 1290 601 DE
1317 524 1554 603 MELROS.
1720 548 1905 607 enexru.

483 748 717 825 Confirmant
733 748 920 824 libertatis
929 748 978 824 de
995 750 1109 824 Kile·

366 1051 431 1115 326
483 1022 587 1117 Alete
604 1042 683 1117 Dei
700 1042 779 1117 Gia
803 1041 892 1117 Rex
917 1040 1021 1115 Senti
1049 1039 1240 1115 Omnibus
1267 1040 1392 1139 probis
1421 1038 1611 1135 hominib3
1637 1040 1733 1113 toei9
1759 1011 1820 1113 lie
1845 1041 1906 1117 sue

480 1188 620 1263 Saitm·
637 1187 768 1264 Sciatis
797 1210 866 1261 noa
890 1184 1093 1261 eoneeffiffe
1118 1196 1158 1260 et
1183 1184 1252 1260 hee
1275 1194 1376 1261 carta
1400 1186 1467 1259 'rire
1490 1184 1717 1261 eonfirnralle
1738 1188 1907 1263 eoneefli-

477 1356 589 1407 onem
619 1344 659 1407 et
687 1333 997 1407 aonfirmaeanem
1022 1330 1126 1407 illam
1153 1356 1270 1431 quam
1295 1330 1399 1407 Aret
1415 1330 1641 1407 Seneseallua
1667 1332 1793 1407 Smeie
1815 1334 1907 1409 lecit

476 1480 566 1554 Deo
581 1488 621 1555 et
637 1480 766 1555 Ecelie
782 1482 851 1553 Sic
869 1479 991 1555 Marie
1007 1478 1056 1552 de
1074 1476 1216 1553 Melror
1226 1520 1236 1539 ·
1250 1485 1289 1553 et
1307 1477 1506 1553 Monachis
1529 1478 1671 1553 ibidem
1696 1478 1768 1553 deo
1780 1454 1906 1555 luren-

476 1626 551 1723 tib3
566 1650 638 1722 nup
655 1625 845 1699 donat-*ene
860 1624 923 1698 illa
939 1648 1055 1723 quarn
1073 1622 1259 1699 Ricardus
1274 1622 1310 1697 le
1320 1622 1481 1723 'Waleye
1506 1623 1656 1699 Tenens
1671 1624 1769 1722 ifriue
1786 1624 1905 1699 Alex-

473 1771 580 1845 andri
596 1772 684 1845 fecit
700 1770 838 1845 eisdem
858 1768 1050 1844 monachis
1073 1769 1122 1843 de
1144 1744 1205 1843 pra
1221 1769 1349 1844 suade
1366 1770 1523 1845 Barmor
1538 1779 1579 1846 et
1594 1770 1641 1844 de
1658 1770 1862 1847 Godeneeh
1880 1801 1903 1867 p

473 1926 589 1991 rectas
610 1916 746 1992 diuisae
770 1917 963 1991 suaa-vna
986 1940 1075 1991 curn
1100 1916 1328 1992 eoneeffione
1351 1924 1390 1991 et
1414 1917 1544 2014 quieta
1568 1914 1902 2015 clemaetnenuas

470 2062 575 2137 idem
600 2062 819 2163 Alexander
847 2063 939 2137 feeit
967 2060 1105 2137 eisdem
1122 2061 1322 2137 ,monachis
1351 2070 1391 2137 et
1419 2062 1636 2139 hominibus
1665 2063 1825 2153 eoadem
1855 2065 1902 2139 de

471 2210 621 2309 sequela
636 2210 738 2285 curie
753 2209 919 2283 eiusdem
936 2207 1038 2284 Aleri
1053 2250 1062 2269 ·
1076 2216 1117 2282 et
1133 2206 1181 2282 de
1197 2208 1327 2282 libtate
1344 2207 1495 2283 emendi
1512 2206 1703 2283 uendendi
1719 2220 1759 2283 et
1781 2210 1901 2285 tholo-

469 2358 543 2459 neij
560 2380 603 2433 ac
619 2356 739 2431 curias
755 2364 795 2431 et
805 2355 943 2455 placita
958 2356 1023 2430 sua
1037 2353 1192 2429 tenendi
1208 2354 1249 2428 in
1265 2364 1481 2429 tenemento
1494 2352 1584 2452 spon
1596 2354 1643 2427 de
1657 2355 1897 2433 Carentabel·

470 2515 508 2579 et
524 2504 574 2579 de
589 2501 789 2603 mauehlyri
806 2512 846 2576 et
861 2502 911 2577 de
927 2502 1087 2577 Burrum
1101 2542 1112 2563 ·
1125 2510 1166 2577 et
1181 2498 1334 2575 foriliia
1349 2500 1637 2575 amereiamenta
1661 2510 1701 2575 et
1715 2502 1899 2580 escharas

468 2651 628 2740 eoadem
640 2649 807 2749 placitorr
823 2648 996 2747 capiendi
1011 2647 1106 2721 adeo
1120 2646 1236 2722 libere
1252 2648 1380 2746 quiete
1403 2644 1567 2744 plenarie
1582 2656 1622 2722 et
1639 2646 1842 2727 honorifice
1858 2651 1896 2723 in

468 2796 616 2871 onibus
630 2795 726 2871 fient
743 2795 934 2893 Scriptum
951 2794 1048 2892 ifriua
1065 2793 1277 2868 Alexandri
1293 2794 1429 2869 eisdem
1443 2792 1633 2869 monachis
1648 2793 1737 2869 inde
1754 2796 1896 2872 eonsec-

468 2953 553 3018 tum
577 2942 701 3042 pleni9
717 2941 813 3016 iuste
837 2941 994 3016 testatur
1027 2939 1140 3016 Saluo
1161 2916 1266 3014 luiee
1291 2941 1378 3014 irro-
1394 2941 1497 3016 Test‘
1521 2940 1721 3018 Alexandr
1746 2942 1895 3043 Cumyii
2057 3022 2062 3032 ,

467 3091 618 3166 Comite
641 3090 690 3164 de
709 3087 865 3163 Buehari
891 3088 1067 3163 Justiciae
1094 3087 1186 3163 scor
1201 3127 1210 3148 ·
1225 3087 1376 3163 Patriet
1403 3087 1553 3162 Comite
1578 3088 1627 3162 rle
1652 3089 1831 3168 Dumbai
1854 3101 1893 3166 et

467 3239 599 3312 Robto
614 3238 663 3312 de
679 3237 779 3312 Brut
793 3236 895 3336 apud
914 3235 1010 3311 Seni
1027 3236 1175 3324 Quarto
1193 3233 1339 3310 decimo
1356 3234 1417 3326 die
1433 3232 1557 3334 aprilis
1574 3257 1674 3310 anno
1692 3235 1819 3336 Regni
1837 3239 1892 3312 iiri

467 3386 637 3484 Septimo
653 3385 810 3459 decimo·

464 3683 529 3757 De
546 3679 781 3782 How‘hylt‘·

463 3955 573 4052 Cum
589 3974 807 4050 nont⁰uerfia
824 3983 926 4048 mota
941 3972 1064 4048 fuiffet
1078 3981 1119 4048 et
1144 3969 1274 4046 multis
1291 3973 1362 4046 ret⁰
1379 3969 1543 4066 tempib9
1560 3967 1699 4070 agitata
1714 3971 1780 4066 sup
1795 3969 1823 4046 J
1825 3995 1891 4046 ure

460 4125 622 4218 pat⁰nat⁹
639 4121 768 4194 Ecciie
782 4120 831 4194 de
848 4118 1036 4193 Howiitre
1051 4119 1156 4220 glas}
1171 4118 1256 4192 dior
1280 4093 1344 4192 inl
1357 4119 1459 4192 viros
1475 4118 1666 4218 religiosos
1682 4123 1826 4216 mag'fm
1851 4129 1890 4194 et

459 4267 542 4339 fies
563 4266 674 4339 dom9
691 4266 847 4363 hospital
871 4265 994 4339 Jerim
1023 4264 1071 4337 de
1087 4265 1280 4362 Torphehi
1308 4287 1357 4338 ex
1387 4273 1450 4360 pte
1474 4288 1568 4339 vna·
1585 4265 1640 4346 Et
1663 4264 1755 4339 dim
1773 4263 1890 4362 Regi·

458 4409 572 4485 naldr‘r
589 4410 675 4484 dim
700 4410 735 4483 le
752 4409 882 4510 Cheyn
909 4409 1029 4485 milite
1053 4419 1092 4484 et
1117 4410 1357 4485 Eustachiam
1384 4410 1443 4484 det
1469 4410 1605 4485 militis
1621 4433 1778 4484 vxorem
1803 4413 1890 4484 nole

457 4559 527 4633 die
542 4557 743 4632 Eustachie
759 4581 809 4632 ex
826 4557 941 4632 altera
954 4599 964 4618 ·
979 4557 1110 4632 'lande
1125 4585 1153 4653 p
1169 4557 1268 4632 bono
1285 4557 1389 4657 pacis
1398 4567 1476 4631 tarn
1495 4558 1558 4632 dri
1575 4557 1732 4657 religioii
1747 4585 1773 4652 p
1788 4557 1887 4632 nem

456 4705 594 4780 Jorem
612 4704 661 4778 de
678 4704 793 4780 Luda
820 4713 1017 4800 peuratore
1044 4690 1140 4804 ildee
1170 4705 1278 4778 dome
1294 4704 1343 4778 ad
1372 4703 1443 4778 hoe
1468 4704 1657 4803 legittime
1684 4703 1889 4780 constituti

455 4855 537 4953 q‘m
553 4853 615 4928 dei
632 4853 720 4956 Regii
737 4862 776 4927 et
794 4853 994 4928 Eustachia
1010 4853 1066 4927 eir
1082 4877 1179 4926 vxor
1196 4853 1261 4947 sup
1278 4860 1360 4926 toto
1373 4851 1401 4925 J
1404 4875 1469 4926 ure
1485 4851 1536 4950 qd
1557 4853 1648 4952 vffq,
1664 4853 1753 4951 pars
1762 4853 1802 4928 in
1820 4853 1889 4926 dia

454 5002 583 5076 Eeciia
595 5003 630 5077 se
646 5001 781 5079 habere
798 5002 944 5077 dicebat
961 5003 1091 5102 sponte
1107 5009 1147 5075 et
1163 5023 1250 5075 curn
1269 4999 1443 5074 consensu
1457 4998 1645 5098 legittimo
1658 5000 1802 5074 offiium
1816 5023 1888 5086 eon
