4534 5850
1089 671 1115 728 V

392 861 438 926 84.
462 862 560 926 carta
573 853 693 943 hogeri
707 852 747 920 de
761 855 925 924 Scalebroc
948 853 988 920 de
1010 853 1169 943 piscatura
1192 854 1224 922 iu
1239 855 1319 922 ostio
1332 854 1373 922 de
1387 857 1462 922 Don
1476 867 1509 923 et
1522 857 1619 924 salino
1633 871 1666 925 et
1679 857 1810 926 terrain

392 981 544 1050 territorio
556 980 597 1046 de
611 979 750 1045 Grenanz
796 979 887 1066 Orig.

392 1111 439 1176 55.
463 1099 854 1173 ConfirmatioDunccani.
898 1100 1021 1190 chiot.
1039 1109 1145 1168 oman.

392 1231 440 1299 36.
463 1223 668 1298 Confirmatio
679 1224 816 1291 Raderic
831 1223 1068 1313 MacGillescop
1081 1236 1114 1290 et
1128 1219 1283 1292 cristiano
1297 1222 1366 1314 ejus
1380 1248 1502 1314 sponse,
1516 1228 1579 1294 filie
1596 1230 1637 1294 R.
1653 1227 1694 1292 de
1709 1228 1813 1294 Scaie-

392 1355 471 1420 hroc.
519 1353 610 1440 Orig.
1044 1395 1048 1402 .
1486 1371 1490 1378 ’

393 1480 441 1547 37.
465 1479 563 1542 Carta
576 1473 741 1540 Dunecani
756 1473 796 1538 de
811 1473 919 1540 Canio
932 1471 973 1538 de
987 1471 1112 1540 duabus
1133 1472 1238 1539 auiinia
1258 1473 1291 1538 in
1306 1472 1399 1540 feodo
1412 1472 1453 1539 de
1467 1472 1644 1540 'l'ornehiri
1688 1474 1812 1561 Regin.

395 1606 497 1668 vomi.
513 1607 543 1665 ct
557 1598 662 1666 roiul.⁴

946 1839 1244 1910 ESCHEDALE.

395 1972 442 2034 38.
467 1964 670 2032 Confirmatio
680 1963 778 2048 Regis
792 1960 832 2028 de
843 1963 933 2028 terris
944 1960 984 2027 de
996 1962 1212 2030 Thumlocher
1222 1975 1255 2030 et
1263 1963 1461 2030 Weitkerroc
1470 1987 1549 2052 quaa
1558 1963 1646 2031 dedit
1656 1965 1816 2031 Robertua

395 2087 523 2154 Avenel.
567 2088 692 2176 Regini.
709 2093 817 2150 ocant.
894 2085 905 2120 '-

395 2215 444 2286 89.
467 2213 564 2278 Carta
579 2209 712 2275 Roberci
727 2207 851 2272 Avenel
865 2206 906 2271 de
918 2204 1044 2272 medem.
1091 2209 1183 2298 Orig.

396 2339 443 2402 40.
467 2332 581 2415 Quieta
594 2331 738 2398 clamatio
751 2329 873 2395 reditus
886 2352 907 2395 a
921 2329 1063 2396 Roberto
1077 2330 1202 2397 Avenel
1216 2342 1247 2397 et
1263 2332 1415 2399 Gervaaio
1429 2333 1498 2419 ejus
1511 2332 1633 2398 herede.
1681 2333 1772 2420 Orig.

394 2461 443 2524 41.
467 2459 563 2523 Carta
577 2452 721 2520 Gervaaii
736 2452 867 2518 Avenel.
915 2454 1007 2540 Orig.

396 2583 444 2646 42.
468 2576 671 2646 Confirmatio
686 2573 793 2662 Regin
840 2577 930 2662 Orig.

1006 2821 1205 2886 GLASCU.

398 2953 445 3017 48.
470 2947 674 3015 Confirmatio
688 2949 712 3012 J
713 2946 823 3012 ocelini
837 2944 986 3033 episcopi,
1001 2944 1042 3011 dc
1055 2945 1138 3012 tofto
1150 2945 1185 3011 in
1198 2946 1311 3035 burgo.
1357 2950 1449 3037 Orig.

398 3076 446 3139 44.
470 3076 567 3139 Carta
581 3068 734 3137 Florentii
748 3068 849 3146 electi,
865 3069 905 3134 de
919 3066 1037 3133 eodem.
1084 3070 1177 3156 On'g.

399 3198 446 3262 45.
469 3197 568 3263 Carta
581 3193 719 3261 Walteri
733 3192 882 3280 episcopi,
897 3191 938 3257 de
952 3190 1070 3259 eodem.
1117 3192 1209 3279 Orig.

953 3438 1262 3503 HADINGTUN.

401 3563 448 3631 46.
472 3561 774 3649 [annumerari]
799 3559 1004 3627 Confirmatio
1027 3559 1164 3628 Walteri
1187 3560 1321 3647 dapiferi
1345 3560 1385 3625 de
1404 3560 1438 3624 iv
1459 3561 1628 3626 carrucatis
1643 3572 1724 3626 terre
1749 3584 1822 3625 oon-

398 3686 487 3753 ceasia
500 3686 541 3751 ab
555 3706 615 3751 avo
629 3706 695 3750 auo.
742 3684 835 3772 Orig.

400 3813 448 3875 4⁷.
472 3808 677 3875 Confirmatio
691 3807 800 3897 Regia.
847 3809 939 3895 Orig.

399 3937 448 4001 48.
473 3938 569 4003 Carta
584 3932 714 4000 Patricii
728 3930 849 3998 comitis
863 3930 904 3997 de
918 3928 1055 3997 Dunbor
1069 3928 1109 3997 de
1123 3940 1286 3995 carrucata
1300 3940 1390 3995 terre.
1438 3926 1529 4019 On‘g.

399 4062 447 4130 49.
472 4060 569 4123 Carta
583 4060 652 4125 Ere
665 4056 762 4123 vidue
776 4054 910 4122 Roberti
923 4054 964 4119 de
979 4052 1094 4135 Quinci
1108 4055 1149 4119 de
1162 4076 1184 4119 v
1197 4052 1278 4119 acria
1293 4066 1381 4120 terre.
1429 4054 1556 4143 Regini.
1573 4064 1685 4120 recent.

398 4184 447 4247 50.
471 4178 664 4269 Compositio
685 4179 766 4244 inter
792 4178 912 4244 Meiros
935 4188 966 4242 et
992 4175 1149 4243 ecclesiam
1176 4176 1217 4241 de
1238 4176 1374 4242 Dunbar
1397 4176 1438 4241 de
1459 4175 1587 4242 decimis
1609 4178 1820 4265 grangiarum.

396 4302 519 4392 Regini.
536 4311 644 4369 caeru.
981 4310 986 4317 '

397 4427 447 4493 n.
471 4425 678 4491 caraman
692 4424 822 4491 niardi
837 4396 973 4513 episcopi
990 4422 1219 4490 nummum.
1266 4424 1358 4511 orig.

398 4550 448 4615 52.
472 4546 677 4614 Confirmatio
691 4546 915 4613 Archidiaconi
930 4555 962 4611 et
976 4546 1051 4613 cleri
1067 4544 1306 4613 Laudonieuaia.
1351 4546 1444 4631 Oaig.

398 4672 447 4736 55.
472 4666 779 4757 [Hammoniacum]
803 4667 1008 4734 Confirmatio
1025 4668 1136 4756 Regia,
1151 4665 1192 4733 de
1206 4666 1426 4734 Herteaheued
1441 4678 1473 4730 et
1489 4668 1576 4754 Spot.
1626 4665 1716 4751 orig.

398 4798 440 4859 54
472 4793 728 4883 chirographum
741 4792 783 4857 de
796 4790 904 4859 divinia
918 4790 1000 4857 inter
1016 4791 1165 4859 Steintun
1178 4803 1210 4859 et
1224 4791 1397 4881 grangiam.
1446 4791 1536 4877 Orig.

398 4920 446 4984 55.
470 4916 677 4986 Confirmatio
689 4914 833 4983 Waileui
856 4914 979 4983 comitia
999 4915 1040 4983 de
1055 4916 1205 4998 Dunbcr,
1220 4915 1261 4983 de
1276 4912 1499 4981 Herteaheued
1518 4922 1550 4976 et
1571 4912 1659 4995 Spot.
1705 4906 1826 4990 Regna

397 5052 503 5109 rocon
