4534 5850
446 482 521 558 an
795 422 1155 551 nunrnanra
1179 468 1260 553 nn
1286 470 1530 551 arsinoa.
1688 496 1877 557 sessu.

454 695 644 794 quendam
661 694 778 771 sicum
796 710 823 771 t
839 696 889 770 sic
903 720 971 795 per
986 695 1151 771 eundern
1166 695 1283 771 sicum
1300 696 1427 772 uersus
1444 696 1626 771 orientem
1643 698 1719 795 vsq,
1733 696 1775 769 in
1791 696 1882 771 hed«

455 841 678 917 duneburne
691 859 743 917 οἳ
769 842 817 916 sic
843 866 911 941 per
936 841 1235 918 heddoneburne
1261 841 1434 917 deorsum
1463 844 1538 943 vsq
1564 843 1605 917 in
1632 842 1875 917 aildunesl'ot·

455 990 558 1065 Item
584 988 611 1063 si
640 989 840 1089 contigerit
867 988 922 1088 qd
950 996 1161 1064 conuentus
1191 988 1239 1064 de
1267 988 1403 1063 melros
1430 998 1567 1063 terram
1594 988 1761 1089 aliquam
1787 990 1880 1064 infiu

455 1135 594 1210 limites
609 1135 759 1231 prochie
774 1136 874 1210 ‹licte
890 1137 1003 1211 ecclic
1027 1136 1075 1209 de
1098 1144 1243 1210 neuton
1267 1136 1349 1235 post
1371 1136 1649 1235 composicionis
1665 1136 1780 1212 huius
1797 1158 1883 1212 con-

455 1282 657 1357 fectionem
674 1282 849 1381 adquirat
867 1281 970 1355 idem
990 1289 1200 1355 conuentus
1226 1280 1274 1356 (le
1294 1281 1469 1357 omnibus
1496 1284 1603 1357 terris
1628 1282 1739 1357 cultis
1765 1282 1883 1359 soluet

455 1428 617 1505 decimas
648 1428 849 1528 garbarum
878 1428 1045 1526 exceptis
1075 1426 1276 1502 noualibus
1301 1428 1329 1502 fi
1355 1454 1432 1529 que
1464 1408 1568 1504 rilint
1600 1429 1782 1528 adquisita
1802 1474 1811 1493 ·
1829 1432 1884 1505 Et

454 1576 562 1651 istam
603 1576 830 1651 solucionem
871 1574 1028 1673 garbam
1069 1574 1210 1649 facient
1242 1574 1415 1651 monachi
1451 1575 1500 1650 de
1536 1575 1672 1651 melros
1708 1578 1889 1675 quociens

456 1726 557 1799 dicte
579 1723 721 1800 fuerint
745 1720 896 1797 excrrlte
909 1763 919 1783 ·
933 1745 1011 1796 non
1034 1720 1201 1796 obstante
1224 1722 1425 1822 priuilegio
1449 1721 1577 1820 aliquo
1601 1723 1803 1822 impetrato
1826 1724 1886 1798 vel

458 1868 696 1968 impetrando
712 1868 762 1942 de
784 1876 908 1943 cetero
922 1909 932 1928 ·
946 1867 1007 1941 Ita
1030 1874 1075 1941 vt
1098 1890 1166 1967 per
1190 1867 1286 1943 hane
1309 1866 1536 1943 solucionem
1560 1870 1749 1943 immunes
1775 1880 1886 1945 erunt
1981 1920 1985 1932 .

459 2015 634 2091 monachi
660 2031 686 2089 t
711 2014 821 2089 liberi
848 2012 896 2087 ab
924 2014 1031 2087 omni
1057 2013 1209 2113 querela
1236 2028 1262 2089 ‘t
1291 2014 1559 2089 consuetudine
1587 2018 1886 2115 competentibus

461 2163 604 2263 prefate
616 2162 787 2239 ecctiede
798 2170 942 2237 neuton
954 2162 1038 2235 iure
1050 2160 1231 2258 pochiali·
1246 2160 1327 2235 Nos
1344 2162 1466 2261 igitur
1481 2163 1549 2261 qui
1561 2162 1630 2237 filii
1646 2165 1745 2262 pacis
1761 2166 1888 2241 sumus

460 2321 581 2387 totam
596 2312 756 2386 sormam
779 2294 983 2409 Bscriptam
1007 2316 1192 2408 perpetuo
1207 2308 1306 2383 inter
1321 2282 1512 2383 monal'sia
1527 2308 1576 2383 de
1591 2310 1727 2385 melros
1745 2329 1772 2387 ‘s
1787 2312 1889 2387 kirk-

458 2459 546 2535 ham
564 2457 764 2532 valituram
781 2455 830 2531 de
845 2456 985 2531 assensu
1004 2471 1029 2529 ”a
1046 2454 1233 2553 peticione
1248 2455 1381 2556 vttusq
1401 2456 1516 2555 partia
1532 2455 1743 2531 voluntaria
1758 2481 1888 2558 appro-

459 2606 613 2679 bamus·
628 2609 748 2676 ratam
763 2600 947 2675 habemus
959 2642 968 2662 ·
981 2603 1089 2676 aucte
1105 2602 1227 2700 apiica
1242 2625 1318 2701 qua
1336 2602 1500 2701 fungim²
1525 2604 1789 2680 confirmamus
1806 2630 1889 2681 ean-

460 2749 638 2829 dem-Et
653 2748 701 2822 ad
717 2746 830 2846 ipsius
856 2755 1079 2846 perpetuam
1105 2746 1348 2823 stabilitatem
1373 2747 1491 2847 sigilla
1515 2751 1581 2823 iira
1606 2752 1792 2848 presencia
1815 2778 1890 2828 vna

461 2919 550 2972 cum
583 2892 708 2994 sigillis
735 2892 904 2993 parcium
939 2892 1023 2991 'pinti
1055 2893 1193 2991 pagine
1230 2892 1391 2970 fecimus
1425 2896 1563 2995 apponi
1581 2937 1592 2958 ·
1610 2896 1759 2973 Actum
1791 2923 1889 2976 anno

460 3047 528 3144 gie
556 3042 618 3118 Μο
631 3083 642 3104 ·
656 3045 711 3116 ω·
729 3083 738 3105 ·
757 3039 891 3138 xxiij⁰·
910 3040 959 3117 In
986 3040 1099 3116 ecclia
1125 3040 1241 3116 sancti
1272 3041 1433 3118 nicholai
1458 3041 1564 3142 'apud
1591 3067 1737 3120 nouum
1767 3047 1890 3123 castel-

459 3194 670 3268 lumme-
1494 3205 1497 3212 ‘
