4534 5850
485 546 560 633 '244
796 554 1159 637 MUNIMENTA
1182 556 1265 635 DE
1291 538 1544 635 Manuos(
1635 560 1658 573 ''
1723 576 1808 635 ene.
1827 576 1920 633 x111.

486 774 657 854 zabimus
675 818 685 840 ·
702 780 1008 856 manutenebim9
1025 822 1037 845 ·
1054 805 1098 856 ac
1138 779 1356 855 desendems
1374 820 1383 841 ·
1404 778 1531 857 Niobil
1565 779 1614 853 de
1651 763 1756 877 Bdcis
1797 752 1918 855 litia

486 908 599 1021 filatia
620 926 815 1003 monachis
836 929 1023 1029 exigendo
1039 929 1108 1004 nifi
1123 934 1234 1003 tantu
1249 929 1422 1003 omcionu
1447 926 1621 1027 suffiagla
1638 926 1737 1001 deuo
1756 968 1914 991 ······

486 1071 535 1145 In
551 1073 635 1148 cuis
651 1076 706 1149 rei
721 1076 978 1151 testimonium
996 1122 1007 1141 ·
1025 1078 1186 1176 presenti
1210 1084 1309 1151 calte
1332 1074 1455 1176 figulo
1479 1098 1610 1151 meum
1627 1075 1782 1175 apposui
1802 1114 1811 1137 ·
1831 1074 1915 1149 Hiis

486 1259 623 1286 ······
642 1222 825 1299 dominis·
841 1226 965 1301 Wiilo
979 1224 1030 1299 de
1047 1212 1914 1301 Sumcruille·················Nicholao

484 1370 1085 1470 ····irsorde·‹nilitib3·Jolte
1108 1372 1158 1448 de
1182 1370 1647 1449 Prendir····Rioardo
1672 1370 1720 1447 de
1744 1370 1914 1447 lt··e·

481 1517 660 1595 waltero
677 1520 724 1595 de
740 1520 878 1597 Ridole
892 1562 902 1583 ·
914 1519 1039 1598 Willo
1058 1558 1403 1584 ············
1675 1544 1678 1553 ·

482 1815 596 1893 carta
612 1815 720 1893 loliis
737 1814 904 1893 Landels
920 1815 970 1893 de
984 1790 1026 1892 ‘ti
1041 1816 1090 1893 de
1105 1815 1266 1893 hundo·

365 2113 430 2182 276
480 2086 639 2188 Vnillfis
654 2110 717 2187 sde
731 2110 1035 2191 matrisEoclefie
1049 2112 1137 2190 filiis
1153 2120 1232 2189 tam
1249 2093 1441 2215 fisentibua
1457 2112 1541 2214 q‘m
1558 2110 1696 2187 suturis
1711 2110 1850 2187 donea
1865 2110 1912 2188 de

479 2259 662 2335 Laudelis
681 2302 691 2323 ·
709 2261 829 2337 salute·
844 2264 884 2336 in
901 2262 998 2337 dio·
1018 2264 1182 2339 Nouerit
1199 2238 1377 2337 vuillfitas
1401 2260 1469 2335 iim
1485 2284 1547 2335 me
1564 2284 1633 2360 pro
1650 2258 1768 2335 solute
1785 2261 1911 2335 anime

476 2432 562 2484 mee
579 2453 589 2471 ·
609 2426 635 2485 *t
653 2411 826 2487 omnium
843 2412 1047 2503 antecessou
1069 2454 1079 2473 ·
1098 2426 1124 2486 “t
1142 2410 1382 2487 successorum
1410 2432 1581 2484 meorum
1601 2450 1610 2472 ·
1630 2409 1830 2484 eonceffiue
1846 2450 1857 2470 ·
1875 2418 1912 2483 et

476 2557 546 2633 hac
572 2544 692 2657 fisenti
718 2568 819 2635 coita
848 2584 932 2634 mea
958 2560 1187 2635 confirmasse
1205 2600 1214 2621 ·
1233 2557 1306 2633 deo
1332 2566 1372 2633 et
1398 2555 1545 2633 ecclesie
1578 2557 1686 2631 beate
1717 2558 1838 2645 marie
1867 2557 1911 2630 de

479 2705 619 2793 melros
636 2745 648 2771 ο
667 2724 694 2780 t
718 2706 906 2785 monachis
930 2707 1072 2781 ibidem
1098 2707 1170 2782 deo
1199 2705 1447 2781 seruientibus
1466 2744 1476 2765 ·
1493 2712 1533 2779 et
1556 2704 1598 2779 in
1622 2713 1810 2804 ppetuum
1840 2728 1911 2780 ser-

475 2853 615 2928 uiturio
647 2877 779 2928 omnes
806 2854 1028 2930 donaciones
1054 2854 1136 2930 illas
1162 2879 1255 2955 quas
1282 2854 1463 2930 dominus
1483 2853 1601 2931 Wills
1628 2852 1676 2927 de
1703 2853 1909 2930 Laundelis

475 3000 631 3101 q⁰ndam
648 3011 755 3101 pater
779 3025 888 3076 meua
914 3017 940 3077 “t
966 2981 1202 3077 antecessores
1226 3004 1303 3076 mei
1326 3003 1498 3078 secerunt
1522 3002 1631 3077 dictis
1656 3001 1848 3076 monachis
1872 3002 1910 3076 in

475 3174 611 3249 puram
627 3158 667 3224 et
683 3159 906 3251 perpetuam
923 3150 1160 3226 elemosinam
1184 3151 1262 3226 fine
1285 3150 1412 3251 aliquo
1428 3159 1688 3226 retenemento
1707 3191 1716 3212 ·
1737 3150 1786 3225 de
1806 3151 1910 3225 terrie

474 3299 525 3374 de
542 3300 723 3376 Hundun
742 3344 751 3362 ·
770 3299 818 3375 de
834 3299 1152 3376 Bnmccuolleflat
1166 3315 1216 3376 *t
1233 3299 1282 3375 de
1298 3300 1444 3376 Rascau
1464 3343 1472 3361 ·
1493 3323 1581 3374 cum
1599 3298 1781 3374 omnibus
1797 3299 1909 3398 perti-

473 3451 615 3526 nenciis
640 3459 681 3527 et
705 3449 832 3527 diuisis
848 3449 922 3526 suis
940 3491 950 3513 ·
969 3459 1084 3551 prout
1099 3451 1141 3524 in
1166 3451 1275 3526 cartis
1301 3448 1362 3522 det
1387 3450 1452 3523 dii
1470 3449 1586 3523 Willi
1609 3447 1766 3549 q⁰ndam
1789 3446 1910 3545 patris

470 3601 550 3674 mei
562 3643 571 3663 ·
584 3615 611 3674 t
623 3601 830 3690 anteceffou
844 3624 1015 3676 meorum
1029 3601 1128 3698 quas
1137 3598 1198 3673 det
1213 3595 1380 3676 monachi
1398 3595 1537 3671 habent
1554 3596 1602 3670 de
1617 3595 1762 3696 prediis
1779 3596 1906 3670 terris·

469 3749 625 3849 plenius
641 3749 885 3824 continetur·
905 3748 998 3822 adeo
1022 3748 1138 3822 libere
1157 3787 1166 3806 ·
1185 3746 1342 3847 quiete·
1362 3759 1388 3820 t
1410 3743 1615 3819 honouifice
1640 3741 1761 3818 ·ficut
1777 3743 1905 3844 aliqua

471 3895 669 3972 elemosina
701 3897 742 3972 in
783 3921 901 4004 regno
934 3896 1049 3972 scocie
1068 3938 1077 3958 ·
1095 3895 1274 3971 liberius·
1293 3893 1489 3994 quiecius·
1510 3908 1537 3967 t
1563 3873 1904 3968 honorificandus·

471 4053 623 4119 tenetur
640 4062 666 4118 t
691 4045 895 4146 possidetur
913 4083 924 4106 ·
940 4045 1119 4119 Preterea
1143 4067 1234 4120 cnm
1249 4043 1309 4117 dii
1326 4040 1493 4120 monachi
1510 4021 1799 4116 antecessoribus
1815 4039 1911 4115 meis

473 4162 586 4286 plia
609 4190 657 4264 de
681 4191 862 4266 Hundun
879 4230 889 4251 ·
908 4190 1045 4290 viginti
1070 4190 1203 4265 solidos
1227 4189 1424 4266 annuatim
1450 4189 1590 4264 soluere
1615 4189 1841 4264 tenebantur
1864 4194 1904 4263 et

467 4339 707 4441 postmodum
724 4367 749 4436 p
765 4340 1049 4440 affiguacionem
1062 4338 1122 4413 dei
1135 4339 1200 4414 diii
1213 4340 1328 4416 Willi
1341 4340 1389 4415 de
1403 4337 1611 4414 Laundelia
1624 4337 1780 4437 q⁰ndam
1792 4337 1911 4438 patris

465 4487 543 4564 mei
558 4487 714 4587 predica
729 4489 870 4588 viginti
896 4485 1028 4562 solidos
1044 4487 1211 4563 Ricardo
1233 4487 1281 4561 de
1299 4486 1404 4564 Rule
1428 4515 1452 4584 p
1476 4487 1632 4586 tempus
1640 4485 1796 4584 aliquod
1810 4485 1902 4582 psol·

468 4645 611 4713 uerunt
628 4641 640 4714 Ξ
660 4635 747 4737 Ego
772 4665 800 4734 p
828 4635 946 4711 salute
976 4612 1060 4712 mea
1092 4645 1133 4712 et
1166 4635 1340 4711 omnium
1371 4643 1574 4735 parentum
1607 4657 1782 4710 meorum
1814 4633 1902 4709 deos
2021 4625 2026 4636 ’

465 4785 606 4887 viginti
622 4786 756 4863 solidos
771 4783 924 4886 prefatis
940 4783 1127 4864 monachis
1142 4781 1232 4858 dedi
1248 4782 1403 4860 conceffi
1421 4799 1446 4859 a
1463 4782 1533 4858 hac
1549 4767 1671 4883 Bsenti
1693 4763 1807 4858 carta'
1817 4805 1903 4857 mea

467 4935 689 5016 confirmaui
705 4934 844 5015 eisdem
861 4974 872 5001 ο
891 4950 918 5011 t
934 4957 1004 5038 pro
1020 4957 1084 5012 me
1101 4951 1128 5012 t
1144 4929 1344 5010 heredibus
1368 4932 1467 5011 meis
1485 4931 1624 5010 eisdem
1640 4906 1773 5008 totalis
1783 4929 1902 5005 relax.
