<?xml version="1.0" encoding="UTF-8"?>
<!DOCTYPE html PUBLIC "-//W3C//DTD XHTML 1.0 Transitional//EN"
    "http://www.w3.org/TR/xhtml1/DTD/xhtml1-transitional.dtd">
<html xmlns="http://www.w3.org/1999/xhtml" xml:lang="en" lang="en">
 <head>
  <title>
</title>
<meta http-equiv="Content-Type" content="text/html;charset=utf-8" />
  <meta name='ocr-system' content='tesseract 3.04.00' />
  <meta name='ocr-capabilities' content='ocr_page ocr_carea ocr_par ocr_line ocrx_word'/>
</head>
<body>
  <div class='ocr_page' id='page_1' title='image "./libersanctemari01innegoog_0373.png"; bbox 0 0 4534 5850; ppageno 0'>
   <div class='ocr_carea' id='block_1_1' title="bbox 484 492 1920 582">
    <p class='ocr_par' dir='ltr' id='par_1_1' title="bbox 484 492 1920 582">
     <span class='ocr_line' id='line_1_1' title="bbox 484 492 1920 582; baseline 0.006 -9"><span class='ocrx_word' id='word_1_1' title='bbox 484 498 560 573; x_wconf 72' lang='lat'><strong>266</strong></span> <span class='ocrx_word' id='word_1_2' title='bbox 831 492 1186 576; x_wconf 78' lang='lat' dir='ltr'><strong>MUNIMEN&#39;I&#39;A</strong></span> <span class='ocrx_word' id='word_1_3' title='bbox 1214 494 1295 571; x_wconf 83' lang='lat' dir='ltr'><strong>DE</strong></span> <span class='ocrx_word' id='word_1_4' title='bbox 1320 494 1560 573; x_wconf 86' lang='lat' dir='ltr'><strong>MELROS.</strong></span> <span class='ocrx_word' id='word_1_5' title='bbox 1722 520 1809 579; x_wconf 81' lang='lat' dir='ltr'><strong>asc.</strong></span> <span class='ocrx_word' id='word_1_6' title='bbox 1821 524 1920 582; x_wconf 84' lang='lat' dir='ltr'><strong>xm.</strong></span> 
     </span>
    </p>
   </div>
   <div class='ocr_carea' id='block_1_2' title="bbox 480 715 1926 3174">
    <p class='ocr_par' dir='ltr' id='par_1_2' title="bbox 480 715 1926 3174">
     <span class='ocr_line' id='line_1_2' title="bbox 485 715 1924 799; baseline 0.004 -6"><span class='ocrx_word' id='word_1_7' title='bbox 485 725 585 793; x_wconf 78' lang='lat' dir='ltr'><strong>carta</strong></span> <span class='ocrx_word' id='word_1_8' title='bbox 613 716 840 793; x_wconf 79' lang='lat' dir='ltr'><strong>confirmado</strong></span> <span class='ocrx_word' id='word_1_9' title='bbox 865 718 937 793; x_wconf 89' lang='lat' dir='ltr'><strong>deo</strong></span> <span class='ocrx_word' id='word_1_10' title='bbox 965 726 1005 794; x_wconf 89' lang='lat' dir='ltr'><strong>et</strong></span> <span class='ocrx_word' id='word_1_11' title='bbox 1034 719 1147 793; x_wconf 82' lang='lat' dir='ltr'><strong>ecclie</strong></span> <span class='ocrx_word' id='word_1_12' title='bbox 1176 719 1300 793; x_wconf 83' lang='lat' dir='ltr'><strong>sancte</strong></span> <span class='ocrx_word' id='word_1_13' title='bbox 1328 718 1446 795; x_wconf 84' lang='lat' dir='ltr'><strong>marie</strong></span> <span class='ocrx_word' id='word_1_14' title='bbox 1470 715 1518 793; x_wconf 86' lang='lat' dir='ltr'><strong>de</strong></span> <span class='ocrx_word' id='word_1_15' title='bbox 1534 717 1670 793; x_wconf 86' lang='lat' dir='ltr'><strong>melros</strong></span> <span class='ocrx_word' id='word_1_16' title='bbox 1687 734 1715 795; x_wconf 64' lang='lat' dir='ltr'><strong>a</strong></span> <span class='ocrx_word' id='word_1_17' title='bbox 1730 722 1924 799; x_wconf 86' lang='lat' dir='ltr'><strong>monacbis</strong></span> 
     </span>
     <span class='ocr_line' id='line_1_3' title="bbox 485 836 1919 944; baseline 0.005 -7"><span class='ocrx_word' id='word_1_18' title='bbox 485 860 629 937; x_wconf 73' lang='lat' dir='ltr'><strong>sanem</strong></span> <span class='ocrx_word' id='word_1_19' title='bbox 645 862 695 938; x_wconf 78' lang='lat' dir='ltr'><strong>ao</strong></span> <span class='ocrx_word' id='word_1_20' title='bbox 710 864 961 939; x_wconf 74' lang='lat' dir='ltr'><strong>seruientibus</strong></span> <span class='ocrx_word' id='word_1_21' title='bbox 984 873 1071 939; x_wconf 73' lang='lat' dir='ltr'><strong>oea&gt;</strong></span> <span class='ocrx_word' id='word_1_22' title='bbox 1094 862 1170 939; x_wconf 66' lang='lat' dir='ltr'><strong>aas</strong></span> <span class='ocrx_word' id='word_1_23' title='bbox 1193 836 1253 939; x_wconf 72' lang='lat' dir='ltr'><strong>be</strong></span> <span class='ocrx_word' id='word_1_24' title='bbox 1277 862 1422 939; x_wconf 69' lang='lat' dir='ltr'><strong>arsum</strong></span> <span class='ocrx_word' id='word_1_25' title='bbox 1438 864 1478 937; x_wconf 79' lang='lat' dir='ltr'><strong>sn</strong></span> <span class='ocrx_word' id='word_1_26' title='bbox 1495 836 1646 939; x_wconf 70' lang='lat' dir='ltr'><strong>lutoso</strong></span> <span class='ocrx_word' id='word_1_27' title='bbox 1662 865 1712 940; x_wconf 75' lang='lat' dir='ltr'><strong>ae</strong></span> <span class='ocrx_word' id='word_1_28' title='bbox 1730 866 1919 944; x_wconf 78' lang='lat' dir='ltr'><strong>mnum-</strong></span> 
     </span>
     <span class='ocr_line' id='line_1_4' title="bbox 485 1008 1920 1110; baseline -0.001 -27"><span class='ocrx_word' id='word_1_29' title='bbox 485 1008 581 1083; x_wconf 86' lang='lat' dir='ltr'><strong>ficut</strong></span> <span class='ocrx_word' id='word_1_30' title='bbox 596 1018 696 1083; x_wconf 87' lang='lat' dir='ltr'><strong>carta</strong></span> <span class='ocrx_word' id='word_1_31' title='bbox 711 1010 786 1109; x_wconf 63' lang='lat' dir='ltr'><strong>{iris</strong></span> <span class='ocrx_word' id='word_1_32' title='bbox 803 1011 880 1085; x_wconf 91' lang='lat' dir='ltr'><strong>mei</strong></span> <span class='ocrx_word' id='word_1_33' title='bbox 895 1011 1075 1085; x_wconf 79' lang='lat' dir='ltr'><strong>testatur·</strong></span> <span class='ocrx_word' id='word_1_34' title='bbox 1091 1010 1134 1084; x_wconf 92' lang='lat' dir='ltr'><strong>in</strong></span> <span class='ocrx_word' id='word_1_35' title='bbox 1150 1010 1306 1086; x_wconf 89' lang='lat' dir='ltr'><strong>liberam</strong></span> <span class='ocrx_word' id='word_1_36' title='bbox 1319 1027 1346 1086; x_wconf 69' lang='lat' dir='ltr'><strong>a</strong></span> <span class='ocrx_word' id='word_1_37' title='bbox 1358 1034 1496 1110; x_wconf 85' lang='lat' dir='ltr'><strong>puram</strong></span> <span class='ocrx_word' id='word_1_38' title='bbox 1514 1026 1541 1085; x_wconf 66' lang='lat' dir='ltr'><strong>’c</strong></span> <span class='ocrx_word' id='word_1_39' title='bbox 1557 1018 1740 1110; x_wconf 80' lang='lat' dir='ltr'><strong>ppetuam</strong></span> <span class='ocrx_word' id='word_1_40' title='bbox 1756 1011 1920 1089; x_wconf 84' lang='lat' dir='ltr'><strong>elemoli.</strong></span> 
     </span>
     <span class='ocr_line' id='line_1_5' title="bbox 483 1156 1920 1258; baseline 0.004 -27"><span class='ocrx_word' id='word_1_41' title='bbox 483 1180 573 1231; x_wconf 86' lang='lat' dir='ltr'><strong>nam</strong></span> <span class='ocrx_word' id='word_1_42' title='bbox 589 1198 599 1219; x_wconf 91' lang='lat'><strong>·</strong></span> <span class='ocrx_word' id='word_1_43' title='bbox 617 1180 688 1257; x_wconf 88' lang='lat' dir='ltr'><strong>pro</strong></span> <span class='ocrx_word' id='word_1_44' title='bbox 712 1158 840 1232; x_wconf 87' lang='lat' dir='ltr'><strong>anima</strong></span> <span class='ocrx_word' id='word_1_45' title='bbox 855 1156 1022 1233; x_wconf 76' lang='lat' dir='ltr'><strong>Walteri</strong></span> <span class='ocrx_word' id='word_1_46' title='bbox 1038 1158 1171 1257; x_wconf 87' lang='lat' dir='ltr'><strong>espec·</strong></span> <span class='ocrx_word' id='word_1_47' title='bbox 1193 1160 1315 1233; x_wconf 68' lang='lat' dir='ltr'><strong>aoim</strong></span> <span class='ocrx_word' id='word_1_48' title='bbox 1342 1158 1552 1249; x_wconf 54' lang='lat' dir='ltr'><strong>antecessori</strong></span> <span class='ocrx_word' id='word_1_49' title='bbox 1576 1158 1634 1231; x_wconf 66' lang='lat' dir='ltr'><strong>ei?</strong></span> <span class='ocrx_word' id='word_1_50' title='bbox 1660 1172 1687 1233; x_wconf 65' lang='lat' dir='ltr'><strong>a</strong></span> <span class='ocrx_word' id='word_1_51' title='bbox 1714 1183 1783 1258; x_wconf 88' lang='lat' dir='ltr'><strong>pro</strong></span> <span class='ocrx_word' id='word_1_52' title='bbox 1803 1160 1920 1237; x_wconf 80' lang='lat' dir='ltr'><strong>salute</strong></span> 
     </span>
     <span class='ocr_line' id='line_1_6' title="bbox 483 1302 1921 1403; baseline 0.004 -26"><span class='ocrx_word' id='word_1_53' title='bbox 483 1303 626 1378; x_wconf 90' lang='lat' dir='ltr'><strong>domiui</strong></span> <span class='ocrx_word' id='word_1_54' title='bbox 651 1305 728 1379; x_wconf 92' lang='lat' dir='ltr'><strong>mei</strong></span> <span class='ocrx_word' id='word_1_55' title='bbox 743 1305 860 1379; x_wconf 85' lang='lat' dir='ltr'><strong>Robti</strong></span> <span class='ocrx_word' id='word_1_56' title='bbox 887 1304 936 1379; x_wconf 91' lang='lat' dir='ltr'><strong>de</strong></span> <span class='ocrx_word' id='word_1_57' title='bbox 954 1302 1034 1379; x_wconf 85' lang='lat' dir='ltr'><strong>Ros</strong></span> <span class='ocrx_word' id='word_1_58' title='bbox 1052 1319 1078 1377; x_wconf 67' lang='lat' dir='ltr'><strong>*t</strong></span> <span class='ocrx_word' id='word_1_59' title='bbox 1094 1304 1169 1403; x_wconf 61' lang='lat' dir='ltr'><strong>[iris</strong></span> <span class='ocrx_word' id='word_1_60' title='bbox 1196 1304 1273 1379; x_wconf 91' lang='lat' dir='ltr'><strong>mei</strong></span> <span class='ocrx_word' id='word_1_61' title='bbox 1291 1319 1416 1379; x_wconf 65' lang='lat' dir='ltr'><strong>ames</strong></span> <span class='ocrx_word' id='word_1_62' title='bbox 1433 1344 1444 1366; x_wconf 88' lang='lat'><strong>·</strong></span> <span class='ocrx_word' id='word_1_63' title='bbox 1464 1320 1490 1379; x_wconf 67' lang='lat' dir='ltr'><strong>a</strong></span> <span class='ocrx_word' id='word_1_64' title='bbox 1507 1328 1576 1403; x_wconf 88' lang='lat' dir='ltr'><strong>pro</strong></span> <span class='ocrx_word' id='word_1_65' title='bbox 1602 1306 1727 1379; x_wconf 86' lang='lat' dir='ltr'><strong>anima</strong></span> <span class='ocrx_word' id='word_1_66' title='bbox 1744 1306 1921 1383; x_wconf 86' lang='lat' dir='ltr'><strong>amabilie</strong></span> 
     </span>
     <span class='ocr_line' id='line_1_7' title="bbox 483 1449 1920 1551; baseline 0.003 -26"><span class='ocrx_word' id='word_1_67' title='bbox 483 1450 572 1525; x_wconf 78' lang='lat' dir='ltr'><strong>ffiris</strong></span> <span class='ocrx_word' id='word_1_68' title='bbox 588 1474 674 1525; x_wconf 86' lang='lat' dir='ltr'><strong>mee</strong></span> <span class='ocrx_word' id='word_1_69' title='bbox 689 1466 716 1526; x_wconf 63' lang='lat' dir='ltr'><strong>a</strong></span> <span class='ocrx_word' id='word_1_70' title='bbox 732 1452 810 1525; x_wconf 88' lang='lat' dir='ltr'><strong>oim</strong></span> <span class='ocrx_word' id='word_1_71' title='bbox 827 1459 986 1546; x_wconf 81' lang='lat' dir='ltr'><strong>pentum</strong></span> <span class='ocrx_word' id='word_1_72' title='bbox 1001 1452 1156 1525; x_wconf 74' lang='lat' dir='ltr'><strong>brorum</strong></span> <span class='ocrx_word' id='word_1_73' title='bbox 1172 1490 1182 1513; x_wconf 88' lang='lat'><strong>·</strong></span> <span class='ocrx_word' id='word_1_74' title='bbox 1196 1478 1220 1548; x_wconf 79' lang='lat' dir='ltr'><strong>p</strong></span> <span class='ocrx_word' id='word_1_75' title='bbox 1236 1450 1302 1525; x_wconf 90' lang='lat' dir='ltr'><strong>bas</strong></span> <span class='ocrx_word' id='word_1_76' title='bbox 1319 1449 1455 1526; x_wconf 85' lang='lat' dir='ltr'><strong>diuisas</strong></span> <span class='ocrx_word' id='word_1_77' title='bbox 1478 1450 1618 1527; x_wconf 85' lang='lat' dir='ltr'><strong>scilicet</strong></span> <span class='ocrx_word' id='word_1_78' title='bbox 1634 1494 1644 1513; x_wconf 87' lang='lat'><strong>·</strong></span> <span class='ocrx_word' id='word_1_79' title='bbox 1663 1452 1775 1551; x_wconf 84' lang='lat' dir='ltr'><strong>super</strong></span> <span class='ocrx_word' id='word_1_80' title='bbox 1792 1454 1920 1531; x_wconf 79' lang='lat' dir='ltr'><strong>wite-</strong></span> 
     </span>
     <span class='ocr_line' id='line_1_8' title="bbox 482 1574 1926 1700; baseline 0.003 -29"><span class='ocrx_word' id='word_1_81' title='bbox 482 1595 738 1673; x_wconf 57' lang='lat' dir='ltr'><strong>laiseins-s</strong></span> <span class='ocrx_word' id='word_1_82' title='bbox 765 1597 958 1672; x_wconf 87' lang='lat' dir='ltr'><strong>habebunt</strong></span> <span class='ocrx_word' id='word_1_83' title='bbox 984 1596 1184 1673; x_wconf 81' lang='lat' dir='ltr'><strong>duodecim</strong></span> <span class='ocrx_word' id='word_1_84' title='bbox 1209 1596 1386 1672; x_wconf 89' lang='lat' dir='ltr'><strong>animalia</strong></span> <span class='ocrx_word' id='word_1_85' title='bbox 1412 1598 1455 1671; x_wconf 89' lang='lat' dir='ltr'><strong>in</strong></span> <span class='ocrx_word' id='word_1_86' title='bbox 1484 1596 1616 1673; x_wconf 85' lang='lat' dir='ltr'><strong>esdem</strong></span> <span class='ocrx_word' id='word_1_87' title='bbox 1645 1608 1743 1673; x_wconf 87' lang='lat' dir='ltr'><strong>terra</strong></span> <span class='ocrx_word' id='word_1_88' title='bbox 1769 1612 1796 1673; x_wconf 63' lang='lat' dir='ltr'><strong>a</strong></span> <span class='ocrx_word' id='word_1_89' title='bbox 1823 1574 1926 1700; x_wconf 61' lang='lat' dir='ltr'><strong>qual</strong></span> 
     </span>
     <span class='ocr_line' id='line_1_9' title="bbox 483 1743 1918 1845; baseline 0 -24"><span class='ocrx_word' id='word_1_90' title='bbox 483 1744 623 1844; x_wconf 86' lang='lat' dir='ltr'><strong>uiginti</strong></span> <span class='ocrx_word' id='word_1_91' title='bbox 637 1768 729 1819; x_wconf 88' lang='lat' dir='ltr'><strong>oues</strong></span> <span class='ocrx_word' id='word_1_92' title='bbox 746 1761 773 1819; x_wconf 59' lang='lat' dir='ltr'><strong>*a</strong></span> <span class='ocrx_word' id='word_1_93' title='bbox 789 1744 885 1819; x_wconf 87' lang='lat' dir='ltr'><strong>duos</strong></span> <span class='ocrx_word' id='word_1_94' title='bbox 899 1754 979 1845; x_wconf 85' lang='lat' dir='ltr'><strong>eq⁰s</strong></span> <span class='ocrx_word' id='word_1_95' title='bbox 997 1786 1007 1806; x_wconf 92' lang='lat'><strong>·</strong></span> <span class='ocrx_word' id='word_1_96' title='bbox 1027 1745 1114 1819; x_wconf 88' lang='lat' dir='ltr'><strong>Hec</strong></span> <span class='ocrx_word' id='word_1_97' title='bbox 1142 1744 1242 1819; x_wconf 73' lang='lat' dir='ltr'><strong>omia</strong></span> <span class='ocrx_word' id='word_1_98' title='bbox 1267 1744 1356 1818; x_wconf 89' lang='lat' dir='ltr'><strong>dedi</strong></span> <span class='ocrx_word' id='word_1_99' title='bbox 1382 1745 1437 1819; x_wconf 87' lang='lat' dir='ltr'><strong>eis</strong></span> <span class='ocrx_word' id='word_1_100' title='bbox 1461 1743 1677 1821; x_wconf 77' lang='lat' dir='ltr'><strong>inlibatam</strong></span> <span class='ocrx_word' id='word_1_101' title='bbox 1694 1761 1722 1820; x_wconf 71' lang='lat' dir='ltr'><strong>&#39;a</strong></span> <span class='ocrx_word' id='word_1_102' title='bbox 1738 1770 1877 1845; x_wconf 88' lang='lat' dir='ltr'><strong>puram</strong></span> <span class='ocrx_word' id='word_1_103' title='bbox 1894 1764 1918 1820; x_wconf 69' lang='lat' dir='ltr'><strong>s</strong></span> 
     </span>
     <span class='ocr_line' id='line_1_10' title="bbox 480 1889 1918 1991; baseline 0.003 -26"><span class='ocrx_word' id='word_1_104' title='bbox 480 1898 662 1991; x_wconf 80' lang='lat' dir='ltr'><strong>ppetuam</strong></span> <span class='ocrx_word' id='word_1_105' title='bbox 695 1889 930 1965; x_wconf 87' lang='lat' dir='ltr'><strong>elemolinam</strong></span> <span class='ocrx_word' id='word_1_106' title='bbox 958 1914 1047 1965; x_wconf 92' lang='lat' dir='ltr'><strong>cum</strong></span> <span class='ocrx_word' id='word_1_107' title='bbox 1074 1890 1254 1967; x_wconf 86' lang='lat' dir='ltr'><strong>focalibus</strong></span> <span class='ocrx_word' id='word_1_108' title='bbox 1282 1908 1308 1966; x_wconf 75' lang='lat' dir='ltr'><strong>‘a</strong></span> <span class='ocrx_word' id='word_1_109' title='bbox 1333 1891 1465 1965; x_wconf 79' lang='lat' dir='ltr'><strong>ceteris</strong></span> <span class='ocrx_word' id='word_1_110' title='bbox 1491 1891 1668 1967; x_wconf 88' lang='lat' dir='ltr'><strong>omnibus</strong></span> <span class='ocrx_word' id='word_1_111' title='bbox 1695 1892 1918 1969; x_wconf 85' lang='lat' dir='ltr'><strong>ailiamenlis</strong></span> 
     </span>
     <span class='ocr_line' id='line_1_11' title="bbox 483 2034 1918 2137; baseline 0.002 -24"><span class='ocrx_word' id='word_1_112' title='bbox 483 2036 586 2113; x_wconf 79' lang='lat' dir='ltr'><strong>ciulil</strong></span> <span class='ocrx_word' id='word_1_113' title='bbox 611 2036 702 2112; x_wconf 91' lang='lat' dir='ltr'><strong>uille</strong></span> <span class='ocrx_word' id='word_1_114' title='bbox 729 2034 777 2109; x_wconf 88' lang='lat' dir='ltr'><strong>ad</strong></span> <span class='ocrx_word' id='word_1_115' title='bbox 802 2036 961 2111; x_wconf 85' lang='lat' dir='ltr'><strong>eandem</strong></span> <span class='ocrx_word' id='word_1_116' title='bbox 986 2045 1124 2109; x_wconf 87' lang='lat' dir='ltr'><strong>terram</strong></span> <span class='ocrx_word' id='word_1_117' title='bbox 1148 2034 1384 2132; x_wconf 81' lang='lat' dir='ltr'><strong>ptinentibus</strong></span> <span class='ocrx_word' id='word_1_118' title='bbox 1409 2036 1458 2111; x_wconf 90' lang='lat' dir='ltr'><strong>ad</strong></span> <span class='ocrx_word' id='word_1_119' title='bbox 1475 2036 1668 2137; x_wconf 86' lang='lat' dir='ltr'><strong>poffidend</strong></span> <span class='ocrx_word' id='word_1_120' title='bbox 1686 2054 1712 2112; x_wconf 67' lang='lat' dir='ltr'><strong>*t</strong></span> <span class='ocrx_word' id='word_1_121' title='bbox 1729 2041 1918 2116; x_wconf 72' lang='lat' dir='ltr'><strong>urendum</strong></span> 
     </span>
     <span class='ocr_line' id='line_1_12' title="bbox 482 2157 1920 2261; baseline 0 0"><span class='ocrx_word' id='word_1_122' title='bbox 482 2185 578 2261; x_wconf 83' lang='lat' dir='ltr'><strong>ficut</strong></span> <span class='ocrx_word' id='word_1_123' title='bbox 601 2182 737 2261; x_wconf 88' lang='lat' dir='ltr'><strong>melius</strong></span> <span class='ocrx_word' id='word_1_124' title='bbox 767 2200 793 2258; x_wconf 64' lang='lat' dir='ltr'><strong>s</strong></span> <span class='ocrx_word' id='word_1_125' title='bbox 821 2180 953 2259; x_wconf 86' lang='lat' dir='ltr'><strong>vtilius</strong></span> <span class='ocrx_word' id='word_1_126' title='bbox 982 2182 1035 2257; x_wconf 85' lang='lat' dir='ltr'><strong>eis</strong></span> <span class='ocrx_word' id='word_1_127' title='bbox 1063 2182 1186 2257; x_wconf 86' lang='lat' dir='ltr'><strong>visum</strong></span> <span class='ocrx_word' id='word_1_128' title='bbox 1216 2157 1294 2255; x_wconf 64' lang='lat' dir='ltr'><strong>{dit</strong></span> <span class='ocrx_word' id='word_1_129' title='bbox 1313 2224 1321 2238; x_wconf 94' lang='lat'><strong>·</strong></span> <span class='ocrx_word' id='word_1_130' title='bbox 1341 2188 1380 2255; x_wconf 88' lang='lat' dir='ltr'><strong>et</strong></span> <span class='ocrx_word' id='word_1_131' title='bbox 1410 2182 1503 2256; x_wconf 87' lang='lat' dir='ltr'><strong>ficut</strong></span> <span class='ocrx_word' id='word_1_132' title='bbox 1533 2180 1652 2257; x_wconf 86' lang='lat' dir='ltr'><strong>ullam</strong></span> <span class='ocrx_word' id='word_1_133' title='bbox 1682 2183 1920 2261; x_wconf 69' lang='lat' dir='ltr'>elemosinam</span> 
     </span>
     <span class='ocr_line' id='line_1_13' title="bbox 481 2328 1921 2431; baseline 0.001 -24"><span class='ocrx_word' id='word_1_134' title='bbox 481 2330 593 2407; x_wconf 85' lang='lat' dir='ltr'><strong>libius</strong></span> <span class='ocrx_word' id='word_1_135' title='bbox 621 2339 661 2405; x_wconf 86' lang='lat' dir='ltr'><strong>et</strong></span> <span class='ocrx_word' id='word_1_136' title='bbox 690 2330 860 2429; x_wconf 90' lang='lat' dir='ltr'><strong>quiecius</strong></span> <span class='ocrx_word' id='word_1_137' title='bbox 877 2370 887 2393; x_wconf 87' lang='lat'><strong>·</strong></span> <span class='ocrx_word' id='word_1_138' title='bbox 906 2329 1216 2404; x_wconf 84' lang='lat' dir='ltr'><strong>honorifioencius</strong></span> <span class='ocrx_word' id='word_1_139' title='bbox 1245 2336 1424 2404; x_wconf 78' lang='lat' dir='ltr'><strong>stenent</strong></span> <span class='ocrx_word' id='word_1_140' title='bbox 1450 2344 1477 2404; x_wconf 68' lang='lat' dir='ltr'><strong>s</strong></span> <span class='ocrx_word' id='word_1_141' title='bbox 1500 2328 1684 2427; x_wconf 81' lang='lat' dir='ltr'><strong>poffident</strong></span> <span class='ocrx_word' id='word_1_142' title='bbox 1703 2370 1712 2391; x_wconf 92' lang='lat'><strong>·</strong></span> <span class='ocrx_word' id='word_1_143' title='bbox 1732 2330 1788 2404; x_wconf 85' lang='lat' dir='ltr'><strong>Et</strong></span> <span class='ocrx_word' id='word_1_144' title='bbox 1804 2355 1877 2431; x_wconf 87' lang='lat' dir='ltr'><strong>ego</strong></span> <span class='ocrx_word' id='word_1_145' title='bbox 1894 2348 1921 2408; x_wconf 67' lang='lat' dir='ltr'><strong>s</strong></span> 
     </span>
     <span class='ocr_line' id='line_1_14' title="bbox 482 2476 1920 2555; baseline -0.001 -1"><span class='ocrx_word' id='word_1_146' title='bbox 482 2479 636 2555; x_wconf 84' lang='lat' dir='ltr'><strong>heredes</strong></span> <span class='ocrx_word' id='word_1_147' title='bbox 651 2479 728 2553; x_wconf 83' lang='lat' dir='ltr'><strong>mei</strong></span> <span class='ocrx_word' id='word_1_148' title='bbox 743 2476 1071 2553; x_wconf 74' lang='lat' dir='ltr'><strong>warantizabimus</strong></span> <span class='ocrx_word' id='word_1_149' title='bbox 1086 2476 1140 2551; x_wconf 86' lang='lat' dir='ltr'><strong>eia</strong></span> <span class='ocrx_word' id='word_1_150' title='bbox 1157 2476 1317 2551; x_wconf 88' lang='lat' dir='ltr'><strong>eandem</strong></span> <span class='ocrx_word' id='word_1_151' title='bbox 1334 2485 1471 2550; x_wconf 76' lang='lat' dir='ltr'><strong>terram</strong></span> <span class='ocrx_word' id='word_1_152' title='bbox 1497 2484 1626 2550; x_wconf 81' lang='lat' dir='ltr'><strong>contra</strong></span> <span class='ocrx_word' id='word_1_153' title='bbox 1649 2499 1781 2551; x_wconf 88' lang='lat' dir='ltr'><strong>omnes</strong></span> <span class='ocrx_word' id='word_1_154' title='bbox 1798 2476 1920 2553; x_wconf 88' lang='lat' dir='ltr'><strong>bomi-</strong></span> 
     </span>
     <span class='ocr_line' id='line_1_15' title="bbox 481 2596 1920 2723; baseline 0 -24"><span class='ocrx_word' id='word_1_155' title='bbox 481 2649 549 2699; x_wconf 87' lang='lat' dir='ltr'><strong>nes</strong></span> <span class='ocrx_word' id='word_1_156' title='bbox 567 2640 594 2699; x_wconf 65' lang='lat' dir='ltr'><strong>s</strong></span> <span class='ocrx_word' id='word_1_157' title='bbox 610 2624 881 2723; x_wconf 78' lang='lat' dir='ltr'><strong>acquietabim9</strong></span> <span class='ocrx_word' id='word_1_158' title='bbox 896 2625 945 2698; x_wconf 92' lang='lat' dir='ltr'><strong>de</strong></span> <span class='ocrx_word' id='word_1_159' title='bbox 969 2624 1103 2699; x_wconf 87' lang='lat' dir='ltr'><strong>forenfi</strong></span> <span class='ocrx_word' id='word_1_160' title='bbox 1121 2639 1148 2699; x_wconf 66' lang='lat' dir='ltr'><strong>a</strong></span> <span class='ocrx_word' id='word_1_161' title='bbox 1164 2624 1269 2698; x_wconf 92' lang='lat' dir='ltr'><strong>omni</strong></span> <span class='ocrx_word' id='word_1_162' title='bbox 1284 2596 1397 2697; x_wconf 73' lang='lat' dir='ltr'><strong>‘deno</strong></span> <span class='ocrx_word' id='word_1_163' title='bbox 1413 2623 1569 2698; x_wconf 87' lang='lat' dir='ltr'><strong>seruioio</strong></span> <span class='ocrx_word' id='word_1_164' title='bbox 1597 2638 1623 2698; x_wconf 73' lang='lat' dir='ltr'><strong>‘s</strong></span> <span class='ocrx_word' id='word_1_165' title='bbox 1647 2624 1920 2699; x_wconf 85' lang='lat' dir='ltr'><strong>consuetudine</strong></span> 
     </span>
     <span class='ocr_line' id='line_1_16' title="bbox 483 2768 1917 2867; baseline -0.001 -22"><span class='ocrx_word' id='word_1_166' title='bbox 483 2786 511 2845; x_wconf 77' lang='lat' dir='ltr'><strong>&#39;a</strong></span> <span class='ocrx_word' id='word_1_167' title='bbox 544 2770 741 2845; x_wconf 85' lang='lat' dir='ltr'><strong>exaccione</strong></span> <span class='ocrx_word' id='word_1_168' title='bbox 780 2770 1019 2867; x_wconf 78' lang='lat' dir='ltr'><strong>imppetuum</strong></span> <span class='ocrx_word' id='word_1_169' title='bbox 1036 2811 1047 2832; x_wconf 93' lang='lat'><strong>·</strong></span> <span class='ocrx_word' id='word_1_170' title='bbox 1065 2769 1142 2844; x_wconf 89' lang='lat' dir='ltr'><strong>His</strong></span> <span class='ocrx_word' id='word_1_171' title='bbox 1175 2768 1357 2843; x_wconf 87' lang='lat' dir='ltr'><strong>testibus·</strong></span> <span class='ocrx_word' id='word_1_172' title='bbox 1376 2768 1564 2843; x_wconf 87' lang='lat' dir='ltr'><strong>Gaufrido</strong></span> <span class='ocrx_word' id='word_1_173' title='bbox 1597 2768 1714 2845; x_wconf 88' lang='lat' dir='ltr'><strong>Ridel</strong></span> <span class='ocrx_word' id='word_1_174' title='bbox 1733 2812 1743 2834; x_wconf 93' lang='lat'><strong>·</strong></span> <span class='ocrx_word' id='word_1_175' title='bbox 1763 2770 1840 2847; x_wconf 79' lang='lat' dir='ltr'><strong>luc</strong></span> <span class='ocrx_word' id='word_1_176' title='bbox 1881 2770 1917 2845; x_wconf 89' lang='lat' dir='ltr'><strong>le</strong></span> 
     </span>
     <span class='ocr_line' id='line_1_17' title="bbox 483 2914 1915 2994; baseline 0.001 -2"><span class='ocrx_word' id='word_1_177' title='bbox 483 2917 587 2994; x_wconf 88' lang='lat' dir='ltr'><strong>neim</strong></span> <span class='ocrx_word' id='word_1_178' title='bbox 598 2956 608 2980; x_wconf 91' lang='lat'><strong>·</strong></span> <span class='ocrx_word' id='word_1_179' title='bbox 621 2916 770 2993; x_wconf 81' lang='lat' dir='ltr'><strong>Thomu</strong></span> <span class='ocrx_word' id='word_1_180' title='bbox 785 2916 834 2990; x_wconf 88' lang='lat' dir='ltr'><strong>de</strong></span> <span class='ocrx_word' id='word_1_181' title='bbox 847 2914 989 2991; x_wconf 75' lang='lat' dir='ltr'><strong>ild⁹tun</strong></span> <span class='ocrx_word' id='word_1_182' title='bbox 999 2959 1009 2978; x_wconf 92' lang='lat'><strong>·</strong></span> <span class='ocrx_word' id='word_1_183' title='bbox 1021 2916 1110 2993; x_wconf 85' lang='lat' dir='ltr'><strong>Rob</strong></span> <span class='ocrx_word' id='word_1_184' title='bbox 1126 2917 1175 2991; x_wconf 91' lang='lat' dir='ltr'><strong>de</strong></span> <span class='ocrx_word' id='word_1_185' title='bbox 1190 2914 1349 2992; x_wconf 89' lang='lat' dir='ltr'><strong>heidene</strong></span> <span class='ocrx_word' id='word_1_186' title='bbox 1359 2956 1370 2980; x_wconf 89' lang='lat'><strong>·</strong></span> <span class='ocrx_word' id='word_1_187' title='bbox 1382 2915 1471 2992; x_wconf 80' lang='lat' dir='ltr'><strong>Ros</strong></span> <span class='ocrx_word' id='word_1_188' title='bbox 1487 2917 1536 2992; x_wconf 88' lang='lat' dir='ltr'><strong>de</strong></span> <span class='ocrx_word' id='word_1_189' title='bbox 1551 2915 1756 2994; x_wconf 72' lang='lat' dir='ltr'><strong>b⁹nuluebi</strong></span> <span class='ocrx_word' id='word_1_190' title='bbox 1766 2918 1915 2994; x_wconf 86' lang='lat' dir='ltr'><strong>·Adam</strong></span> 
     </span>
     <span class='ocr_line' id='line_1_18' title="bbox 483 3064 1125 3174; baseline -0.002 -34"><span class='ocrx_word' id='word_1_191' title='bbox 483 3065 533 3142; x_wconf 92' lang='lat' dir='ltr'><strong>de</strong></span> <span class='ocrx_word' id='word_1_192' title='bbox 548 3064 673 3141; x_wconf 82' lang='lat' dir='ltr'><strong>Dum&#39;r</strong></span> <span class='ocrx_word' id='word_1_193' title='bbox 691 3105 701 3126; x_wconf 90' lang='lat'><strong>·</strong></span> <span class='ocrx_word' id='word_1_194' title='bbox 717 3064 817 3140; x_wconf 88' lang='lat' dir='ltr'><strong>Will</strong></span> <span class='ocrx_word' id='word_1_195' title='bbox 832 3064 882 3174; x_wconf 87' lang='lat' dir='ltr'><strong>de</strong></span> <span class='ocrx_word' id='word_1_196' title='bbox 895 3064 1097 3164; x_wconf 75' lang='lat' dir='ltr'><strong>palewestsa</strong></span> <span class='ocrx_word' id='word_1_197' title='bbox 1114 3104 1125 3129; x_wconf 89' lang='lat'><strong>·</strong></span> 
     </span>
    </p>
   </div>
   <div class='ocr_carea' id='block_1_3' title="bbox 483 3359 1455 3440">
    <p class='ocr_par' dir='ltr' id='par_1_3' title="bbox 483 3359 1455 3440">
     <span class='ocr_line' id='line_1_19' title="bbox 483 3359 1455 3440; baseline -0.006 0"><span class='ocrx_word' id='word_1_198' title='bbox 483 3365 596 3440; x_wconf 80' lang='lat' dir='ltr'><strong>Carta</strong></span> <span class='ocrx_word' id='word_1_199' title='bbox 610 3362 759 3438; x_wconf 82' lang='lat' dir='ltr'><strong>Thome</strong></span> <span class='ocrx_word' id='word_1_200' title='bbox 774 3363 823 3436; x_wconf 90' lang='lat' dir='ltr'><strong>de</strong></span> <span class='ocrx_word' id='word_1_201' title='bbox 841 3362 1004 3438; x_wconf 91' lang='lat' dir='ltr'><strong>Kilnum</strong></span> <span class='ocrx_word' id='word_1_202' title='bbox 1020 3361 1069 3436; x_wconf 92' lang='lat' dir='ltr'><strong>de</strong></span> <span class='ocrx_word' id='word_1_203' title='bbox 1084 3370 1182 3437; x_wconf 84' lang='lat' dir='ltr'><strong>terra</strong></span> <span class='ocrx_word' id='word_1_204' title='bbox 1198 3359 1246 3434; x_wconf 83' lang='lat' dir='ltr'><strong>da</strong></span> <span class='ocrx_word' id='word_1_205' title='bbox 1261 3359 1455 3435; x_wconf 72' lang='lat' dir='ltr'><strong>scottune·</strong></span> 
     </span>
    </p>
   </div>
   <div class='ocr_carea' id='block_1_4' title="bbox 480 3631 1914 4194">
    <p class='ocr_par' dir='ltr' id='par_1_4' title="bbox 480 3631 1914 4194">
     <span class='ocr_line' id='line_1_20' title="bbox 482 3631 1913 3752; baseline -0.001 -20"><span class='ocrx_word' id='word_1_206' title='bbox 482 3631 683 3732; x_wconf 81' lang='lat' dir='ltr'><strong>Omnibus</strong></span> <span class='ocrx_word' id='word_1_207' title='bbox 698 3656 822 3730; x_wconf 82' lang='lat' dir='ltr'><strong>sancte</strong></span> <span class='ocrx_word' id='word_1_208' title='bbox 835 3655 924 3730; x_wconf 77' lang='lat' dir='ltr'><strong>ffiris</strong></span> <span class='ocrx_word' id='word_1_209' title='bbox 952 3654 1065 3728; x_wconf 81' lang='lat' dir='ltr'><strong>ecclie</strong></span> <span class='ocrx_word' id='word_1_210' title='bbox 1092 3652 1179 3728; x_wconf 89' lang='lat' dir='ltr'><strong>filiis</strong></span> <span class='ocrx_word' id='word_1_211' title='bbox 1205 3651 1359 3752; x_wconf 69' lang='lat' dir='ltr'><strong>fontibus</strong></span> <span class='ocrx_word' id='word_1_212' title='bbox 1377 3669 1404 3728; x_wconf 70' lang='lat' dir='ltr'><strong>a</strong></span> <span class='ocrx_word' id='word_1_213' title='bbox 1419 3651 1561 3729; x_wconf 84' lang='lat' dir='ltr'><strong>futuris</strong></span> <span class='ocrx_word' id='word_1_214' title='bbox 1580 3651 1747 3730; x_wconf 81' lang='lat' dir='ltr'><strong>Thomas</strong></span> <span class='ocrx_word' id='word_1_215' title='bbox 1763 3653 1812 3728; x_wconf 94' lang='lat' dir='ltr'><strong>de</strong></span> <span class='ocrx_word' id='word_1_216' title='bbox 1829 3655 1913 3730; x_wconf 87' lang='lat' dir='ltr'><strong>Kil-</strong></span> 
     </span>
     <span class='ocr_line' id='line_1_21' title="bbox 480 3797 1914 3877; baseline -0.001 -1"><span class='ocrx_word' id='word_1_217' title='bbox 480 3825 577 3876; x_wconf 89' lang='lat' dir='ltr'><strong>num</strong></span> <span class='ocrx_word' id='word_1_218' title='bbox 592 3801 693 3876; x_wconf 85' lang='lat' dir='ltr'><strong>filius</strong></span> <span class='ocrx_word' id='word_1_219' title='bbox 708 3800 873 3876; x_wconf 79' lang='lat' dir='ltr'><strong>Walteri</strong></span> <span class='ocrx_word' id='word_1_220' title='bbox 888 3802 937 3876; x_wconf 91' lang='lat' dir='ltr'><strong>de</strong></span> <span class='ocrx_word' id='word_1_221' title='bbox 953 3799 1116 3874; x_wconf 90' lang='lat' dir='ltr'><strong>Kilnum</strong></span> <span class='ocrx_word' id='word_1_222' title='bbox 1138 3801 1248 3874; x_wconf 81' lang='lat' dir='ltr'><strong>saltm</strong></span> <span class='ocrx_word' id='word_1_223' title='bbox 1265 3838 1275 3862; x_wconf 93' lang='lat'><strong>·</strong></span> <span class='ocrx_word' id='word_1_224' title='bbox 1295 3799 1426 3877; x_wconf 86' lang='lat' dir='ltr'><strong>Sciatis</strong></span> <span class='ocrx_word' id='word_1_225' title='bbox 1455 3823 1518 3874; x_wconf 89' lang='lat' dir='ltr'><strong>me</strong></span> <span class='ocrx_word' id='word_1_226' title='bbox 1547 3797 1750 3875; x_wconf 83' lang='lat' dir='ltr'><strong>conceffiss&#39;e</strong></span> <span class='ocrx_word' id='word_1_227' title='bbox 1777 3799 1914 3876; x_wconf 85' lang='lat' dir='ltr'><strong>dediffe</strong></span> 
     </span>
     <span class='ocr_line' id='line_1_22' title="bbox 482 3945 1913 4024; baseline 0.001 -1"><span class='ocrx_word' id='word_1_228' title='bbox 482 3947 717 4023; x_wconf 78' lang='lat' dir='ltr'><strong>stradidiffe</strong></span> <span class='ocrx_word' id='word_1_229' title='bbox 735 3963 791 4022; x_wconf 57' lang='grc' dir='ltr'><strong>οἳ</strong></span> <span class='ocrx_word' id='word_1_230' title='bbox 819 3947 888 4022; x_wconf 89' lang='lat' dir='ltr'><strong>hsc</strong></span> <span class='ocrx_word' id='word_1_231' title='bbox 913 3971 998 4022; x_wconf 87' lang='lat' dir='ltr'><strong>mea</strong></span> <span class='ocrx_word' id='word_1_232' title='bbox 1024 3956 1124 4021; x_wconf 84' lang='lat' dir='ltr'><strong>carta</strong></span> <span class='ocrx_word' id='word_1_233' title='bbox 1153 3945 1381 4022; x_wconf 82' lang='lat' dir='ltr'><strong>confirmaffe</strong></span> <span class='ocrx_word' id='word_1_234' title='bbox 1411 3947 1602 4022; x_wconf 87' lang='lat' dir='ltr'><strong>monacbis</strong></span> <span class='ocrx_word' id='word_1_235' title='bbox 1634 3947 1682 4022; x_wconf 91' lang='lat' dir='ltr'><strong>de</strong></span> <span class='ocrx_word' id='word_1_236' title='bbox 1707 3947 1844 4024; x_wconf 83' lang='lat' dir='ltr'><strong>melros</strong></span> <span class='ocrx_word' id='word_1_237' title='bbox 1872 3949 1913 4024; x_wconf 89' lang='lat' dir='ltr'><strong>iu</strong></span> 
     </span>
     <span class='ocr_line' id='line_1_23' title="bbox 481 4092 1913 4194; baseline 0.001 -26"><span class='ocrx_word' id='word_1_238' title='bbox 481 4119 616 4194; x_wconf 87' lang='lat' dir='ltr'><strong>puram</strong></span> <span class='ocrx_word' id='word_1_239' title='bbox 634 4110 661 4170; x_wconf 61' lang='lat' dir='ltr'><strong>*t</strong></span> <span class='ocrx_word' id='word_1_240' title='bbox 676 4094 831 4168; x_wconf 87' lang='lat' dir='ltr'><strong>liberam</strong></span> <span class='ocrx_word' id='word_1_241' title='bbox 848 4108 875 4167; x_wconf 73' lang='lat' dir='ltr'><strong>‘s</strong></span> <span class='ocrx_word' id='word_1_242' title='bbox 891 4102 1070 4192; x_wconf 81' lang='lat' dir='ltr'><strong>ppetuam</strong></span> <span class='ocrx_word' id='word_1_243' title='bbox 1099 4092 1337 4170; x_wconf 88' lang='lat' dir='ltr'><strong>elemolinam</strong></span> <span class='ocrx_word' id='word_1_244' title='bbox 1364 4102 1451 4170; x_wconf 87' lang='lat' dir='ltr'><strong>octo</strong></span> <span class='ocrx_word' id='word_1_245' title='bbox 1479 4094 1555 4169; x_wconf 79' lang='lat' dir='ltr'><strong>ac‘s</strong></span> <span class='ocrx_word' id='word_1_246' title='bbox 1580 4103 1677 4170; x_wconf 86' lang='lat' dir='ltr'><strong>terre</strong></span> <span class='ocrx_word' id='word_1_247' title='bbox 1701 4095 1848 4171; x_wconf 86' lang='lat' dir='ltr'><strong>arabilis</strong></span> <span class='ocrx_word' id='word_1_248' title='bbox 1871 4096 1913 4170; x_wconf 90' lang='lat' dir='ltr'><strong>in</strong></span> 
     </span>
    </p>
   </div>
   <div class='ocr_carea' id='block_1_5' title="bbox 479 4238 1920 4908">
    <p class='ocr_par' dir='ltr' id='par_1_5' title="bbox 479 4238 1920 4908">
     <span class='ocr_line' id='line_1_24' title="bbox 481 4238 1915 4341; baseline 0.002 -27"><span class='ocrx_word' id='word_1_249' title='bbox 481 4239 667 4314; x_wconf 80' lang='lat' dir='ltr'><strong>territorio</strong></span> <span class='ocrx_word' id='word_1_250' title='bbox 695 4238 744 4313; x_wconf 92' lang='lat' dir='ltr'><strong>de</strong></span> <span class='ocrx_word' id='word_1_251' title='bbox 768 4241 877 4314; x_wconf 77' lang='lat' dir='ltr'><strong>soott⁴</strong></span> <span class='ocrx_word' id='word_1_252' title='bbox 900 4262 994 4338; x_wconf 87' lang='lat' dir='ltr'><strong>quas</strong></span> <span class='ocrx_word' id='word_1_253' title='bbox 1023 4263 1094 4338; x_wconf 84' lang='lat' dir='ltr'><strong>ego</strong></span> <span class='ocrx_word' id='word_1_254' title='bbox 1119 4239 1337 4336; x_wconf 78' lang='lat' dir='ltr'><strong>pambulsui</strong></span> <span class='ocrx_word' id='word_1_255' title='bbox 1366 4241 1419 4316; x_wconf 89' lang='lat' dir='ltr'><strong>eis</strong></span> <span class='ocrx_word' id='word_1_256' title='bbox 1447 4263 1572 4315; x_wconf 87' lang='lat' dir='ltr'><strong>coram</strong></span> <span class='ocrx_word' id='word_1_257' title='bbox 1601 4241 1710 4315; x_wconf 93' lang='lat' dir='ltr'><strong>bonis</strong></span> <span class='ocrx_word' id='word_1_258' title='bbox 1735 4257 1762 4317; x_wconf 68' lang='lat' dir='ltr'><strong>a</strong></span> <span class='ocrx_word' id='word_1_259' title='bbox 1786 4241 1915 4341; x_wconf 89' lang='lat' dir='ltr'><strong>probis</strong></span> 
     </span>
     <span class='ocr_line' id='line_1_25' title="bbox 486 4385 1920 4486; baseline 0.002 -27"><span class='ocrx_word' id='word_1_260' title='bbox 486 4385 704 4460; x_wconf 88' lang='lat' dir='ltr'><strong>hominibus</strong></span> <span class='ocrx_word' id='word_1_261' title='bbox 728 4410 796 4485; x_wconf 89' lang='lat' dir='ltr'><strong>per</strong></span> <span class='ocrx_word' id='word_1_262' title='bbox 818 4385 884 4460; x_wconf 89' lang='lat' dir='ltr'><strong>has</strong></span> <span class='ocrx_word' id='word_1_263' title='bbox 900 4385 1035 4460; x_wconf 84' lang='lat' dir='ltr'><strong>diuisas</strong></span> <span class='ocrx_word' id='word_1_264' title='bbox 1053 4427 1062 4450; x_wconf 90' lang='lat'><strong>·</strong></span> <span class='ocrx_word' id='word_1_265' title='bbox 1081 4386 1162 4460; x_wconf 80' lang='lat' dir='ltr'><strong>sciit</strong></span> <span class='ocrx_word' id='word_1_266' title='bbox 1185 4385 1380 4462; x_wconf 85' lang='lat' dir='ltr'><strong>australem</strong></span> <span class='ocrx_word' id='word_1_267' title='bbox 1404 4393 1551 4486; x_wconf 85' lang='lat' dir='ltr'><strong>partem</strong></span> <span class='ocrx_word' id='word_1_268' title='bbox 1576 4395 1674 4462; x_wconf 86' lang='lat' dir='ltr'><strong>terre</strong></span> <span class='ocrx_word' id='word_1_269' title='bbox 1697 4385 1844 4462; x_wconf 87' lang='lat' dir='ltr'><strong>arabilis</strong></span> <span class='ocrx_word' id='word_1_270' title='bbox 1867 4387 1920 4463; x_wconf 88' lang='lat' dir='ltr'><strong>de</strong></span> 
     </span>
     <span class='ocr_line' id='line_1_26' title="bbox 481 4511 1915 4633; baseline 0.001 -25"><span class='ocrx_word' id='word_1_271' title='bbox 481 4531 781 4609; x_wconf 86' lang='lat' dir='ltr'><strong>hamsldunflath</strong></span> <span class='ocrx_word' id='word_1_272' title='bbox 808 4533 908 4608; x_wconf 79' lang='lat' dir='ltr'><strong>inter</strong></span> <span class='ocrx_word' id='word_1_273' title='bbox 937 4532 1030 4608; x_wconf 88' lang='lat' dir='ltr'><strong>duas</strong></span> <span class='ocrx_word' id='word_1_274' title='bbox 1056 4534 1138 4607; x_wconf 82' lang='lat' dir='ltr'><strong>uias</strong></span> <span class='ocrx_word' id='word_1_275' title='bbox 1165 4556 1233 4632; x_wconf 90' lang='lat' dir='ltr'><strong>per</strong></span> <span class='ocrx_word' id='word_1_276' title='bbox 1258 4557 1352 4633; x_wconf 83' lang='lat' dir='ltr'><strong>quas</strong></span> <span class='ocrx_word' id='word_1_277' title='bbox 1379 4533 1616 4609; x_wconf 86' lang='lat' dir='ltr'><strong>descenditur</strong></span> <span class='ocrx_word' id='word_1_278' title='bbox 1640 4559 1664 4610; x_wconf 89' lang='lat' dir='ltr'><strong>a</strong></span> <span class='ocrx_word' id='word_1_279' title='bbox 1689 4557 1795 4611; x_wconf 86' lang='lat' dir='ltr'><strong>mora</strong></span> <span class='ocrx_word' id='word_1_280' title='bbox 1826 4511 1915 4610; x_wconf 77' lang='lat' dir='ltr'><strong>dsus</strong></span> 
     </span>
     <span class='ocr_line' id='line_1_27' title="bbox 479 4679 1912 4792; baseline 0 -35"><span class='ocrx_word' id='word_1_281' title='bbox 479 4681 697 4783; x_wconf 86' lang='lat' dir='ltr'><strong>aquilonem</strong></span> <span class='ocrx_word' id='word_1_282' title='bbox 720 4680 797 4783; x_wconf 58' lang='lat' dir='ltr'><strong>usq3</strong></span> <span class='ocrx_word' id='word_1_283' title='bbox 820 4680 868 4755; x_wconf 88' lang='lat' dir='ltr'><strong>ad</strong></span> <span class='ocrx_word' id='word_1_284' title='bbox 883 4681 1025 4781; x_wconf 86' lang='lat' dir='ltr'><strong>lapides</strong></span> <span class='ocrx_word' id='word_1_285' title='bbox 1050 4691 1106 4780; x_wconf 86' lang='lat' dir='ltr'><strong>q⁰s</strong></span> <span class='ocrx_word' id='word_1_286' title='bbox 1130 4680 1323 4780; x_wconf 83' lang='lat' dir='ltr'><strong>posuimus</strong></span> <span class='ocrx_word' id='word_1_287' title='bbox 1347 4681 1400 4780; x_wconf 77' lang='lat' dir='ltr'><strong>qa</strong></span> <span class='ocrx_word' id='word_1_288' title='bbox 1424 4679 1689 4792; x_wconf 83' lang='lat' dir='ltr'><strong>terramillam</strong></span> <span class='ocrx_word' id='word_1_289' title='bbox 1713 4681 1912 4782; x_wconf 87' lang='lat' dir='ltr'><strong>perambu-</strong></span> 
     </span>
     <span class='ocr_line' id='line_1_28' title="bbox 479 4827 1914 4908; baseline -0.002 -2"><span class='ocrx_word' id='word_1_290' title='bbox 479 4829 644 4908; x_wconf 86' lang='lat' dir='ltr'><strong>lauimus</strong></span> <span class='ocrx_word' id='word_1_291' title='bbox 660 4829 799 4908; x_wconf 77' lang='lat' dir='ltr'><strong>Toum</strong></span> <span class='ocrx_word' id='word_1_292' title='bbox 815 4854 905 4908; x_wconf 86' lang='lat' dir='ltr'><strong>vero</strong></span> <span class='ocrx_word' id='word_1_293' title='bbox 929 4837 1066 4904; x_wconf 85' lang='lat' dir='ltr'><strong>terram</strong></span> <span class='ocrx_word' id='word_1_294' title='bbox 1090 4827 1191 4902; x_wconf 86' lang='lat' dir='ltr'><strong>inter</strong></span> <span class='ocrx_word' id='word_1_295' title='bbox 1214 4828 1280 4904; x_wconf 88' lang='lat' dir='ltr'><strong>has</strong></span> <span class='ocrx_word' id='word_1_296' title='bbox 1305 4827 1440 4906; x_wconf 83' lang='lat' dir='ltr'><strong>diuisas</strong></span> <span class='ocrx_word' id='word_1_297' title='bbox 1464 4835 1641 4905; x_wconf 67' lang='lat' dir='ltr'><strong>contenta</strong></span> <span class='ocrx_word' id='word_1_298' title='bbox 1664 4827 1753 4904; x_wconf 91' lang='lat' dir='ltr'><strong>dedi</strong></span> <span class='ocrx_word' id='word_1_299' title='bbox 1777 4827 1849 4904; x_wconf 89' lang='lat' dir='ltr'><strong>deo</strong></span> <span class='ocrx_word' id='word_1_300' title='bbox 1871 4835 1914 4903; x_wconf 77' lang='lat' dir='ltr'><strong>et</strong></span> 
     </span>
    </p>
   </div>
   <div class='ocr_carea' id='block_1_6' title="bbox 0 0 2272 5845">
    <p class='ocr_par' dir='ltr' id='par_1_6' title="bbox 0 0 2272 5845">
     <span class='ocr_line' id='line_1_29' title="bbox 0 0 2272 5845; baseline 0 0"><span class='ocrx_word' id='word_1_301' title='bbox 0 0 2272 5845; x_wconf 95' lang='lat' dir='ltr'><strong> </strong></span> 
     </span>
    </p>
   </div>
  </div>
 </body>
</html>
