4534 5850
477 512 549 587 216
823 506 1180 588 MUNIMENTA
1206 508 1287 585 DE
1314 509 1553 587 MELROS.
1716 500 1912 591 snoxm.

477 706 576 805 silit·
590 727 702 803 nobis
710 729 906 804 annuatim
923 758 951 825 p
966 732 1035 808 dia
1050 730 1208 805 dimidia
1223 732 1392 806 carucata
1406 704 1467 805 lle
1479 730 1621 828 psoluet
1633 748 1681 806 ἄ
1698 731 1773 808 alio
1789 732 1910 807 dicio

479 878 548 951 iiro
573 876 621 951 ad
647 876 716 951 dia
740 876 818 951 duo
841 877 1033 975 Burgagia
1055 878 1251 973 ptincnte·
1271 876 1372 953 'lest’
1389 919 1400 939 ·
1417 854 1581 953 veiiabili
1606 880 1670 977 bre
1691 878 1817 953 Willo
1839 880 1910 979 ebo

470 1022 599 1125 Clas}
625 1064 635 1085 ·
654 1022 847 1099 Cancellai
859 1064 870 1089 ·
882 996 1017 1097 wallo
1035 1023 1177 1098 Cumin
1194 1026 1332 1099 comite
1348 1024 1396 1097 de
1411 1024 1599 1102 meneteth
1610 1028 1692 1099 ·W·
1706 1026 1845 1099 comite
1859 1026 1907 1099 de

480 1176 556 1247 mai
569 1212 579 1233 ·
593 1168 724 1245 Robto
750 1170 797 1243 de
814 1170 894 1245 Ros
908 1210 918 1229 ·
933 1169 1065 1244 Dauid
1093 1168 1142 1243 de
1165 1169 1326 1245 Grabam
1342 1210 1351 1233 ·
1365 1170 1468 1270 apud
1494 1170 1647 1246 selekiri'
1661 1213 1672 1235 ·
1685 1171 1811 1269 xx⁰vj⁰
1824 1214 1833 1234 ·
1847 1171 1906 1245 die

479 1317 559 1415 maij
576 1358 585 1379 ·
600 1316 720 1391 Anno
736 1316 844 1415 regni
859 1315 1005 1393 domini
1022 1315 1146 1415 Regis
1155 1316 1357 1391 Triocsrmo
1372 1316 1485 1391 sedo·

479 1610 714 1685 Confirmaco
730 1609 854 1709 Regis
862 1609 1030 1685 alexand*
1045 1612 1113 1706 sup
1128 1585 1190 1685 ila
1206 1610 1254 1685 de
1270 1609 1500 1711 farningdun
1515 1654 1523 1673 ·

479 1881 707 1977 Alexander
722 1900 784 1975 dei
810 1908 878 2001 gia
894 1902 985 1978 Rex
1010 1905 1119 1977 scott⁴
1138 1944 1148 1963 ·
1166 1902 1329 2001 Omnib3
1357 1903 1485 2002 probis
1504 1901 1680 1999 homiiib3
1708 1904 1834 1979 tocius
1848 1877 1902 1978 ile

478 2049 542 2123 sue
566 2049 672 2122 olicis
690 2064 716 2121 t
741 2048 848 2125 laicis
865 2048 958 2124 sali·
978 2050 1105 2125 Sciant
1128 2034 1278 2147 {lantes
1298 2049 1462 2125 tfutrrri
1486 2048 1559 2123 nos
1578 2048 1780 2125 conoeffiilc
1797 2066 1824 2125 *t
1840 2050 1903 2124 hac

477 2203 578 2271 carta
594 2196 660 2270 dra
674 2195 903 2271 confirmoll'e
926 2197 1108 2271 donacom
1130 2196 1233 2271 illam
1259 2198 1339 2296 q‘m
1359 2196 1449 2297 Ro&
1466 2238 1476 2257 ·
1496 2196 1714 2270 Bumard9·
1731 2196 1820 2272 fecit
1836 2196 1903 2271 deo

477 2361 504 2419 ‘t
522 2344 630 2419 beate
645 2344 763 2419 marie
782 2351 834 2419 {a
850 2344 1009 2418 monach
1032 2344 1082 2418 de
1107 2342 1201 2419 meli
1224 2342 1274 2417 do
1290 2341 1510 2440 seruientib3
1528 2342 1576 2416 de
1601 2344 1796 2419 tresdecim
1820 2342 1909 2417 acris

476 2474 537 2567 ‘tre
564 2500 696 2599 *tuna
711 2499 828 2587 'pcata
853 2492 894 2565 in
920 2466 1069 2565 ilitorio
1094 2490 1143 2565 de
1168 2489 1395 2589 famingdun
1415 2531 1424 2549 ·
1443 2488 1520 2563 illis
1537 2490 1618 2563 sciit
1642 2512 1719 2589 que
1741 2490 1902 2563 iacente

477 2638 725 2736 ppinquiores
733 2638 796 2710 tot
812 2612 873 2709 ire
889 2636 1043 2711 simonis
1067 2635 1117 2709 de
1146 2636 1298 2709 sarburii
1315 2659 1363 2709 ex
1380 2633 1550 2709 orientali
1567 2642 1631 2729 pte
1644 2635 1751 2709 subto
1762 2636 1904 2735 regiam

480 2786 582 2857 uiam
609 2784 655 2881 q‘
676 2783 755 2856 itur
781 2782 830 2855 ad
856 2780 1019 2879 rokilb²g
1036 2779 1200 2855 ·tenend
1216 2796 1243 2854 t
1258 2780 1337 2854 ltnd
1362 2782 1460 2855 eilde
1485 2782 1644 2856 monach
1671 2783 1711 2855 in
1737 2782 1852 2857 libam
1878 2798 1902 2855 a

478 2939 658 3030 ppetuam
675 2927 910 3004 elemofinam
924 2967 934 2989 ·
948 2929 1002 3000 ita
1016 2924 1092 3000 line
1107 2943 1133 3001 t
1151 2927 1246 3026 q¹ete
1260 2927 1355 3001 ficut
1371 2938 1470 3003 carta
1495 2930 1619 3005 eiusde
1634 2930 1723 3033 Rog
1741 2929 1908 3031 ·p1ed'c‘is

475 3077 636 3153 monacb
651 3077 742 3152 inde
756 3074 845 3151 ida!
864 3074 960 3150 iuste
976 3073 1154 3150 testatur·
1170 3073 1270 3149 soluo
1282 3049 1387 3150 luico
1403 3077 1471 3150 iiro
1488 3119 1498 3140 ·
1514 3078 1596 3152 tete
1611 3120 1620 3141 ·
1636 3095 1731 3152 tc·-

478 3373 686 3452 Confirma⁰
701 3374 800 3472 regis
816 3372 1006 3484 alexandri
1023 3371 1071 3446 de
1086 3371 1228 3470 petaria
1242 3372 1291 3446 de
1305 3371 1527 3448 faminduii·

359 3665 418 3728 241
474 3648 699 3744 Alexander
714 3667 775 3742 dei
791 3674 858 3768 gia
872 3710 881 3729 ·
896 3667 986 3743 Rex
1001 3667 1092 3759 scot‘
1106 3709 1115 3728 ·
1130 3664 1319 3742 Omnibus
1343 3669 1435 3764 prob
1450 3706 1458 3726 ·
1473 3664 1690 3741 hominibus
1706 3666 1827 3743 tocius
1842 3639 1899 3741 ire

474 3817 538 3888 sue
553 3817 655 3890 olicis
672 3823 712 3890 et
727 3814 828 3889 laicis
844 3815 949 3889 salim
967 3857 976 3875 ·
994 3815 1121 3888 Sciant
1136 3813 1244 3912 linteo
1260 3820 1300 3887 et
1315 3812 1435 3886 futuri
1452 3836 1514 3887 me
1540 3811 1740 3888 conoeffille
1766 3822 1806 3886 et
1832 3813 1898 3887 hac

472 3970 572 4034 carta
582 3986 666 4036 mea
676 3961 904 4035 confirmalle
915 3961 1158 4035 donacionem
1170 3959 1273 4034 illam
1282 3983 1399 4059 quam
1408 3961 1497 4060 Rog
1510 3957 1696 4034 bumarde
1707 3958 1797 4034 fecit
1810 3961 1894 4034 deo·

472 4109 627 4182 aecclie
642 4106 764 4182 sancte
780 4106 897 4180 man‘e
920 4106 968 4179 de
984 4105 1141 4179 melros·
1158 4121 1184 4179 a
1201 4106 1392 4182 monachis
1416 4105 1558 4180 ibidem
1583 4105 1654 4179 deo
1679 4106 1896 4203 seruientib3

469 4252 517 4325 de
533 4251 634 4350 quad
650 4263 714 4347 pte
729 4251 871 4350 petarie
887 4248 992 4326 eiusd
1006 4252 1128 4350 rogeri
1150 4251 1189 4324 in
1214 4252 1399 4326 territorio
1421 4251 1469 4327 de
1485 4251 1686 4326 forninduii
1705 4251 1821 4352 quam'
1837 4253 1897 4352 isne

469 4422 558 4472 cum
574 4397 655 4473 aliis
672 4397 804 4474 multia
815 4398 941 4497 probis
957 4398 1172 4474 hominibus
1184 4400 1418 4496 pambulauit
1434 4422 1502 4498 per
1518 4397 1652 4496 diuisae
1669 4397 1763 4473 licut
1780 4395 1897 4474 conti-¹

465 4554 578 4623 netur
593 4545 634 4620 in
649 4555 750 4621 carta
764 4546 861 4644 iliius
877 4545 999 4644 rogeri
1017 4587 1026 4606 ·
1045 4550 1183 4624 tenend
1199 4548 1239 4620 in
1263 4547 1377 4622 libam
1401 4570 1535 4646 puram
1560 4554 1600 4619 et
1621 4554 1801 4644 ppetuam
1823 4542 1896 4620 ele·

463 4694 605 4770 mofim'a
619 4696 674 4769 ita
689 4694 763 4768 lite
780 4709 807 4768 ‘t
823 4693 951 4792 quiete
967 4692 1078 4793 plene
1094 4702 1134 4767 et
1149 4693 1351 4770 honorilice
1369 4737 1377 4756 ·
1396 4695 1490 4769 ficut
1507 4701 1607 4768 carta
1629 4691 1756 4791 predii
1773 4692 1902 4790 rogeri·

461 4843 605 4944 prediis
629 4841 820 4921 monachis
835 4841 924 4918 inde
939 4841 1039 4938 facta
1053 4840 1209 4940 testatur
1222 4884 1231 4905 ·
1245 4842 1345 4918 saluo
1361 4842 1515 4919 semicio
1525 4843 1617 4916 ‘meo
1631 4880 1641 4904 ·
1656 4839 1741 4915 test*
1756 4881 1765 4900 ·
1782 4854 1875 4914 to‘·
