4534 5850
1121 626 1162 707 vi

426 833 479 900 56.
504 832 709 900 Confirmatio
723 830 852 900 Patricii
866 831 986 900 comitia
999 832 1040 899 de
1053 831 1200 900 Dunbar.
1243 833 1368 922 Rapiat.
1384 845 1495 902 recena.

427 959 479 1026 57.
504 955 708 1023 Confirmatio
722 957 832 1044 Regis,
853 955 894 1022 de
915 955 1137 1024 donationibus
1155 957 1209 1022 avi
1229 967 1262 1023 et
1282 958 1381 1045 patria
1396 958 1530 1024 Comitia
1543 958 1673 1024 Patricii
1686 946 1730 1023 'et
1751 960 1853 1047 ipsius

431 1079 564 1144 Comitis
579 1079 717 1146 Patricii.
763 1081 856 1168 Orfg.

427 1207 477 1269 58.
504 1200 633 1290 [Saea]
658 1203 757 1268 Carta
771 1201 901 1269 Patricii
916 1201 957 1267 de
972 1199 1186 1281 Withichum‚
1199 1201 1241 1267 de
1254 1213 1339 1268 terra
1351 1202 1392 1267 de
1406 1202 1689 1269 Loehaneahaleeh.
1725 1207 1818 1292 orig.

369 1347 374 1360 ·
426 1329 478 1397 59.
501 1323 728 1414 [laureare]
759 1326 856 1391 Carta
870 1324 1004 1392 Roberri
1018 1324 1059 1390 de
1074 1326 1162 1391 Kent
1175 1323 1217 1390 de
1230 1336 1313 1390 terra
1326 1337 1359 1391 et
1373 1337 1512 1413 pastura,
1528 1348 1600 1392 cam
1615 1329 1726 1414 seipso.
1761 1330 1850 1416 Orig.

427 1448 479 1514 60.
502 1450 602 1517 Carta
616 1447 736 1536 Rogeri
750 1447 809 1514 filii
824 1447 910 1514 Glaii
924 1446 965 1512 de
979 1445 1116 1534 quadam
1131 1459 1224 1514 terra.
1269 1448 1361 1535 Orig.

426 1571 479 1636 61.
505 1574 603 1637 Carta
617 1572 758 1658 quinque
773 1569 911 1635 militum
926 1569 1062 1634 Walteri
1077 1568 1211 1658 dapiferi
1224 1569 1266 1634 de
1279 1569 1388 1634 eadem
1404 1581 1488 1634 terra
1501 1591 1574 1635 eum
1589 1581 1727 1657 pastura
1759 1573 1852 1657 Orig.

428 1693 481 1758 62.
505 1690 711 1758 Confirmatio
726 1690 863 1756 Walteri
878 1689 1011 1779 dapiferi
1025 1689 1133 1776 Regis.
1180 1691 1271 1778 Orig.

426 1815 478 1880 68.
503 1813 728 1903 [Summa]
754 1815 851 1881 Carta
867 1813 1000 1880 Roberti
1015 1813 1055 1880 de
1071 1814 1218 1881 steintun
1238 1814 1280 1880 de
1293 1836 1314 1879 v
1329 1815 1408 1880 acria
1429 1837 1501 1881 aum
1523 1828 1652 1902 pastura
1671 1817 1712 1880 de
1737 1817 1853 1882 Elwal-

426 1937 717 2026 deaealesloaingge.
764 1939 857 2026 Ora'g.

426 2061 477 2126 64.
502 2064 599 2128 Carta
613 2060 768 2127 Willelmi
783 2059 942 2128 Walensis
956 2061 997 2127 de
1010 2072 1093 2126 terra
1106 2082 1165 2149 per
1177 2060 1301 2126 divisas.
1347 2064 1440 2149 Orig.

428 2183 479 2250 65.
506 2182 714 2275 [Prasmon]
738 2187 835 2252 Carta
853 2184 1001 2252 Rollaadi
1015 2183 1073 2250 filii
1087 2182 1233 2263 Uctredi,
1246 2183 1288 2249 de
1301 2182 1406 2250 aalina.
1450 2183 1574 2270 Regiat.
1590 2195 1698 2250 recent.

1062 2428 1207 2496 KYLE.

424 2551 477 2620 66.
501 2552 744 2642 [Marmara]
769 2555 867 2620 Carta
882 2551 1019 2619 Walteri
1034 2550 1177 2640 dapiferi.
1224 2551 1316 2638 Orig.

424 2680 476 2748 67.
500 2682 597 2746 Carta
611 2681 709 2747 Alani
723 2681 779 2746 filii
795 2681 937 2768 dapiferi.
984 2681 1074 2768 Orig.

424 2803 476 2868 68.
501 2803 705 2870 Confirmatio
719 2803 828 2890 Regis.
875 2805 967 2892 Orig.

425 2925 477 2997 69.
502 2927 599 2992 Carta
612 2925 743 2993 Ricardi
757 2925 917 2993 Waienaia
933 2927 974 2992 de
989 2928 1140 2993 Barmore
1153 2937 1185 2991 et
1200 2923 1380 2992 Godenech.
1428 2928 1520 3013 orig.

427 3051 478 3117 70.
502 3048 707 3117 Confirmatio
722 3049 820 3115 Alani
836 3048 980 3137 dapiferi.
1027 3024 1118 3138 Orig.

426 3174 478 3239 71.
503 3173 599 3237 Carta
615 3172 745 3238 Ricardi
761 3172 928 3238 Walenaia.
972 3174 1095 3261 Regae.
1111 3181 1221 3237 recent.

426 3295 478 3361 72.
502 3294 706 3361 Confirmatio
721 3295 857 3361 Walteri
872 3293 1005 3383 dapiferi
1020 3294 1060 3359 de
1071 3293 1233 3360 Machelin
1247 3305 1279 3359 et
1293 3292 1334 3359 de
1345 3295 1494 3359 Barmore
1509 3308 1540 3360 et
1552 3297 1731 3363 Godeneeh.
1756 3300 1848 3389 Orig.

427 3418 479 3483 78.
502 3418 709 3483 Confirmatio
734 3417 870 3484 Walteri
895 3416 1061 3483 Senescafli
1082 3438 1156 3482 eum
1176 3414 1383 3482 declaratione
1406 3418 1605 3502 quomadam
1636 3420 1848 3487 articulorum.

422 3538 548 3629 Regia.
562 3550 672 3607 recent.
1021 3618 1023 3623 ι

426 3663 498 3730 72⁸.
523 3662 728 3729 Confirmatio
743 3663 878 3729 Walteri
894 3661 1028 3751 dapiferi
1042 3662 1082 3728 de
1096 3661 1214 3738 eisdem
1228 3662 1320 3729 terrie
1333 3676 1365 3729 et
1378 3662 1418 3729 de
1430 3664 1548 3729 divisis.
1595 3670 1685 3754 orig.

348 3818 351 3825 r
424 3784 496 3851 73⁵.
520 3787 618 3852 Carta
632 3784 769 3853 Walteri
784 3784 917 3873 dapiferi
933 3786 972 3851 de
987 3785 1178 3853 relaxatione
1190 3786 1287 3851 annui
1301 3784 1429 3853 reditus.
1475 3789 1567 3875 Orig.

424 3909 475 3974 aa
500 3909 596 3973 Carta
611 3907 747 3974 walteri
761 3906 895 3995 dapiferi
911 3908 951 3973 de
965 3907 1080 3975 foresta
1094 3907 1135 3975 de
1148 3910 1226 3975 Are
1272 3910 1365 3996 Orfg.

425 4030 476 4095 75.
501 4030 598 4095 Carta
613 4030 700 4096 Petri
714 4028 755 4096 de
770 4030 865 4097 Curri
880 4030 921 4095 de
935 4031 1026 4097 terrie
1039 4030 1080 4097 de
1095 4030 1283 4118 Dalhengaa
1298 4042 1331 4096 et
1346 4031 1516 4117 Bargouer.
1564 4035 1654 4119 orig.

974 4276 1294 4343 LAMBERMOR.

431 4394 481 4465 76.
507 4398 603 4463 Carta
617 4395 771 4462 Waldeui
785 4395 906 4462 comitis
919 4396 960 4462 de
974 4398 1109 4464 Duabar
1123 4397 1164 4463 de
1177 4410 1315 4485 pastura.
1360 4401 1453 4487 Orig.

431 4521 481 4587 77.
506 4520 603 4584 Carta
618 4518 747 4585 Patricii
762 4518 883 4586 comitia
897 4518 938 4585 de
951 4520 1086 4587 Dunbar
1099 4520 1141 4587 de
1153 4520 1178 4586 li
1191 4520 1271 4587 aeria
1284 4532 1374 4586 terre.
1420 4524 1512 4609 Ora'g.

1032 4772 1240 4838 LANARC.

430 4894 481 4957 78.
506 4892 602 4957 Carta
616 4891 715 4980 Regis
729 4890 770 4957 de
785 4891 864 4960 tofto
877 4892 909 4959 in
923 4893 1034 4983 bargo.
1080 4896 1224 4983 Orig.ia
1237 4894 1320 4959 Bidl.
1338 4896 1457 4961 Cotton.
