4534 5850
1104 543 1161 602 XV

418 728 486 800 279.
509 723 716 796 Confirmatio
728 725 753 790 J
753 723 884 792 ohannis
897 724 939 792 de
952 723 1129 794 Leundelis
1142 725 1184 794 de
1200 727 1356 794 Romnm
1401 728 1494 817 orig.
1683 775 1695 788 ,

417 853 487 917 280.
509 845 724 917 Renunoietio
737 847 914 915 Alexandri
928 848 970 915 de
984 849 1145 930 Chabon,
1160 862 1193 916 et
1205 849 1344 938 provisio
1358 847 1400 914 de
1411 847 1530 915 divisis.
1575 847 1667 935 On‘g.

416 973 486 1038 281.
509 970 706 1062 Compositio
718 970 800 1038 inter
814 971 936 1038 Meiros
957 983 990 1038 et
1012 973 1172 1041 eeclesiam
1193 972 1236 1039 de
1249 975 1386 1038 Hnnnm
1406 970 1448 1038 de
1460 968 1589 1040 decimis
1601 969 1643 1036 de
1656 965 1836 1035 monive.

420 1097 508 1184 Ong.
722 1133 725 1142 ·

415 1222 486 1286 282.
510 1215 791 1308 [Lmnnsomvm]
815 1218 1002 1306 Benignoiio
1017 1218 1165 1288 Motildis
1179 1220 1298 1288 corbet
1311 1220 1352 1287 de
1366 1231 1450 1288 terro
1462 1242 1521 1310 por
1533 1217 1661 1300 divisos,
1675 1238 1749 1284 cnm
1769 1237 1840 1304 pos»

414 1355 493 1412 mro,
539 1344 631 1433 orig.
854 1331 859 1339 ’
949 1329 951 1338 ’

415 1467 485 1532 288.
510 1467 607 1532 eno
620 1463 751 1532 Potrioii
763 1463 804 1531 de
819 1464 946 1546 nidulo,
959 1465 1002 1532 de
1015 1464 1142 1532 eisdem.
1188 1469 1281 1556 On'g.

415 1590 487 1656 284.
511 1587 716 1655 Confirmatio
730 1587 868 1655 Walteri
881 1588 923 1654 de
936 1587 1062 1654 Ridele.
1108 1589 1200 1677 Orig.

415 1715 484 1778 285.
508 1711 713 1778 Confirmatio
727 1710 888 1800 Morgeiie
901 1710 942 1777 de
956 1711 1056 1776 Vesci.
1103 1701 1196 1800 Ong.

415 1831 485 1901 286.
509 1833 712 1900 Confirmatio
726 1833 880 1901 Willelmi
894 1833 935 1902 de
949 1833 1050 1900 Vesci.
1096 1835 1191 1924 Osig.

415 1961 485 2029 287.
510 1960 607 2024 Certe
620 1957 758 2024 Wnlisri
772 1956 813 2023 de
828 1955 943 2024 Rideie
957 1956 998 2024 de
1012 1968 1096 2025 terro
1109 1979 1207 2046 quom
1222 1956 1370 2025 Metildis
1384 1956 1504 2025 corbet
1518 1955 1618 2024 tenuit
1632 1957 1666 2022 in
1680 1956 1837 2024 dunrium.

417 2083 506 2171 orig·
1349 2091 1356 2100 .

416 2205 488 2270 288.
511 2200 715 2268 Coniirmntio
730 2201 891 2289 Morgsrie
905 2199 945 2267 de
960 2201 1060 2268 Vesci
1107 2202 1198 2290 Oeig.
1254 2169 1257 2176 Ι

415 2327 486 2398 289.
510 2323 715 2394 Confirmatio
729 2322 885 2389 Willelmi
898 2321 939 2390 de
953 2323 1045 2390 Vesci
1058 2322 1100 2388 de
1112 2320 1260 2388 undecim
1280 2319 1405 2388 bovotis
1417 2332 1499 2388 terre
1511 2345 1592 2410 qum
1612 2322 1775 2390 Wolterus
1799 2325 1841 2390 de

417 2446 531 2514 Ridnie
542 2445 686 2512 contulit.
733 2446 824 2534 On'g.

417 2573 488 2643 290.
512 2571 610 2636 Carta
624 2567 699 2634 Ade
712 2567 777 2634 filie
791 2567 866 2635 Ade
880 2567 922 2636 de
936 2567 1096 2636 Dunelmo
1109 2566 1151 2634 de
1160 2566 1397 2634 Thodholeside
1409 2578 1443 2635 et
1453 2568 1716 2658 Stendesionmig.
1749 2570 1841 2658 Ong.

416 2695 486 2768 291.
510 2691 715 2760 Confirmatio
728 2689 885 2757 Willelmi
898 2690 939 2757 de
954 2690 1079 2758 Ridele.
1125 2693 1218 2782 orig.

418 2817 488 2887 292.
511 2810 684 2902 [Momm]
706 2810 855 2878 venditio
868 2811 909 2878 de
923 2812 1095 2900 Hungerig
1108 2825 1142 2879 et
1155 2813 1332 2880 Holomedo
1344 2814 1387 2881 nb
1400 2814 1478 2882 Ado
1490 2813 1532 2882 de
1545 2816 1684 2884 Hetune.
1731 2817 1824 2905 Orig.

417 2940 488 3010 298.
511 2936 720 3004 Renunointio
733 2935 809 3002 Ado
822 2934 863 3001 de
878 2937 999 3003 Hetun.
1047 2938 1141 3026 Orig.

416 3064 488 3137 294.
511 3062 716 3131 Confirmatio
728 3074 760 3129 et
774 3062 984 3131 Renunointio
998 3063 1130 3131 Ricenii
1148 3058 1191 3141 de
1204 3066 1327 3131 Hetnn.
1364 3064 1458 3155 On‘g

418 3188 490 3260 295.
513 3187 612 3253 earo
625 3184 731 3251 Ieabel
744 3182 840 3251 vidue
855 3182 989 3251 Roberti
1003 3182 1045 3250 de
1059 3184 1170 3252 Polloo
1181 3186 1222 3253 de
1233 3184 1489 3275 Hungetigdnin
1498 3184 1616 3253 Simoni
1623 3186 1665 3253 de
1675 3186 1843 3276 Lindesey.

420 3430 489 3504 W·
514 3428 719 3500 Confirmatio
732 3430 889 3498 Willelmi
902 3429 943 3497 de
958 3430 1049 3499 Vesci
1071 3430 1113 3500 de
1133 3444 1202 3501 toto
1224 3444 1309 3501 mm
1321 3456 1420 3522 quem
1441 3433 1484 3502 de
1503 3456 1541 3501 eo
1566 3434 1666 3502 tenuit
1679 3436 1846 3503 walterus

417 3554 499 3623 iilius
513 3554 619 3621 Alani.
666 3558 758 3645 On'g.

418 3678 490 3753 897.
513 3677 629 3761 Quiete
641 3677 785 3745 clamatio
798 3698 818 3745 a
831 3677 991 3747 monachis
1005 3679 1046 3746 de
1057 3680 1201 3749 enchon
1216 3679 1259 3745 de
1272 3679 1376 3747 Molle
1389 3691 1421 3747 et
1438 3680 1602 3763 Innerwic,
1616 3680 1692 3749 dein
1701 3683 1847 3750 waltero

421 3800 603 3870 &neemilo
648 3804 741 3892 orig.
1175 3798 1180 3804 ’

419 3925 491 3998 298.
515 3924 746 3991 Testimonium
767 3923 924 3993 Wiiielmi
945 3924 1086 4015 episcopi
1112 3924 1319 4015 Gimgnensie
1346 3926 1388 3996 de
1408 3925 1517 3995 endem
1537 3926 1645 4018 quieto
1665 3929 1848 3998 elimatione

420 4048 544 4139 Regin.
559 4056 669 4117 recent.

421 4172 495 4243 299.
519 4172 616 4237 eoo
630 4168 731 4259 Regis
743 4169 785 4238 de
798 4171 921 4239 foreste.
968 4173 1061 4263 orig.
1076 4176 1114 4239 io
1127 4173 1212 4241 Boi
1229 4174 1351 4244 Cotton.

419 4294 492 4361 800.
516 4290 715 4382 [Wmnnm]
739 4294 837 4361 Corte
851 4294 982 4362 Potrioii
996 4294 1037 4361 de
1052 4294 1169 4363 Ridole
1181 4296 1222 4363 de
1237 4298 1446 4366 Rouenesfen.
1492 4301 1584 4388 On‘g.
1730 4370 1735 4375 ,

420 4416 492 4483 801.
516 4415 722 4484 confirmatio
731 4416 866 4483 Roberti
874 4416 915 4482 de
924 4418 1064 4485 Lundon
1077 4419 1119 4490 de
1133 4430 1218 4487 torro
1230 4420 1265 4485 in
1274 4420 1441 4487 Lekeholn
1455 4420 1657 4510 detnopotm
1665 4444 1730 4491 sno.
1755 4426 1847 4514 orig.

421 4537 494 4603 802.
517 4538 614 4604 Certo
627 4538 695 4604 Nes
708 4536 765 4602 filii
779 4537 846 4605 Nes
861 4535 902 4603 de
916 4538 1093 4608 Walentun
1106 4540 1148 4607 de
1161 4541 1270 4608 deoem
1284 4542 1365 4609 noris
1379 4542 1414 4609 in
1428 4542 1674 4632 Lyveringhsm.
1721 4546 1813 4633 orig.

423 4660 496 4727 808.
519 4661 618 4728 Certo
631 4662 770 4729 wolteri
785 4661 827 4729 de
841 4662 974 4730 Kilnum
998 4662 1039 4731 de
1060 4676 1133 4732 octo
1155 4666 1237 4738 ociis
1259 4665 1294 4733 in
1309 4666 1442 4735 Kilnum
1455 4690 1528 4736 oum
1545 4680 1683 4758 pastum.
1726 4670 1849 4757 negot.

420 4792 529 4851 raom.

420 4904 492 4974 SOi
516 4908 615 4975 Certo
629 4906 755 4975 Thome
768 4908 809 4976 de
823 4907 959 4979 Kilnum
973 4930 1047 4977 oum
1061 4910 1178 4980 divisio
1222 4913 1346 5003 Regin.
1362 4924 1473 4983 recent.
