4534 5850
413 530 508 590 aaa.
522 530 648 587 anan
663 532 709 587 11.
759 509 1118 589 MUNIMENTA
1142 509 1220 587 DE
1247 511 1488 588 MELROS.
1767 522 1838 598 271

289 741 291 744 ’
408 734 632 809 mandamus
649 732 828 832 quatinus
844 732 872 806 sr
888 732 1005 807 estita
1016 772 1026 793 ·
1037 733 1207 831 partibus
1224 733 1436 807 conuocatis
1451 774 1461 793 ·
1476 732 1637 807 audiatis
1654 736 1839 809 causamt

407 882 584 981 appllone
596 889 740 955 remota
754 922 763 942 ·
777 878 854 953 fine
870 878 1000 955 debito
1015 880 1225 954 terminetis
1240 922 1251 943 ·
1265 880 1441 955 facientes
1459 878 1510 980 qd
1520 880 1757 955 decreueritis
1774 904 1842 981 per

410 1024 603 1104 censuram
618 1028 858 1103 eccliasticam
875 1026 1034 1103 firmiter
1049 1028 1234 1101 obseruari
1248 1068 1258 1089 ·
1272 1026 1400 1102 Testes
1419 1034 1548 1101 autem
1566 1028 1635 1127 qui
1650 1004 1757 1102 filins
1773 1052 1840 1102 no·

407 1176 542 1249 minati
554 1175 603 1249 ·sr
619 1176 655 1250 se
670 1178 737 1274 gia
751 1216 760 1235 ·
772 1175 860 1249 odio
874 1175 939 1249 uel
954 1198 1080 1249 amore
1095 1174 1349 1249 subtraxerint
1362 1215 1372 1235 ·
1386 1197 1455 1274 per
1469 1176 1660 1251 censuram
1677 1175 1837 1249 eandem

408 1320 564 1398 cessante
578 1323 754 1422 appllone
765 1321 906 1421 cogatis
918 1322 1068 1396 veritati
1084 1321 1342 1395 testimonium
1358 1320 1573 1420 perhibere·
1586 1322 1705 1411 Quod
1720 1321 1838 1397 finon

406 1493 536 1544 omnes
559 1468 619 1545 his
643 1469 875 1569 exequendis
903 1444 1060 1568 potllitis
1082 1466 1275 1541 interesse·
1291 1467 1369 1543 duo
1392 1472 1478 1543 vim
1504 1492 1548 1543 ea
1571 1469 1837 1545 nichilominus

407 1624 667 1717 exequantur·
682 1617 763 1691 Dai
773 1658 783 1676 ·
795 1614 922 1690 alatri·
937 1614 990 1713 xij
1003 1616 1100 1689 Kal·
1114 1616 1143 1690 J
1144 1612 1223 1713 unij
1237 1658 1246 1677 ·
1259 1615 1501 1714 pontificatus
1518 1616 1576 1691 iiri
1592 1640 1691 1691 anno
1706 1618 1837 1693 sexto·

407 1764 538 1840 Huius
554 1764 673 1863 igitur
688 1766 797 1838 auite
812 1762 954 1837 midati
970 1761 1139 1863 partibus
1162 1762 1205 1837 in
1222 1766 1288 1838 tra
1312 1764 1422 1862 ‘pncia
1445 1763 1584 1862 pluries
1600 1763 1834 1839 constitutis·

294 1946 301 1962 =
407 1911 642 2011 tquestione
657 1910 946 1986 canonichorum
971 1922 1056 1985 corsa
1079 1910 1188 1985 nobis
1212 1884 1437 1985 iudicialiter
1456 1910 1666 2011 proposita·
1681 1912 1836 1987 tandem

405 2058 487 2160 post
510 2060 628 2136 varias
652 2058 910 2134 altercaciones
935 2058 1025 2133 hinc
1040 2058 1129 2134 inde
1145 2059 1314 2133 habitas·
1329 2058 1377 2132 de
1404 2059 1540 2134 assensu
1568 2060 1738 2158 parcium
1766 2060 1836 2135 hac

404 2208 477 2282 fine
492 2208 665 2307 quieuit·
680 2207 797 2297 Quod
813 2207 915 2307 prior
932 2223 958 2281 t
975 2207 1144 2281 canonici
1160 2207 1209 2281 de
1224 2205 1423 2281 kirkeham
1440 2232 1509 2306 pro
1524 2207 1625 2281 bono
1640 2208 1741 2307 pacis
1758 2209 1834 2302 pci-

404 2338 510 2453 pieni
524 2355 721 2429 annuatim
736 2354 784 2428 ab
800 2358 891 2430 ahbe
907 2354 1139 2430 amonachia
1156 2354 1204 2428 de
1220 2353 1356 2429 melros
1372 2354 1625 2453 qquuaginta
1645 2352 1778 2428 solidos
1795 2362 1834 2429 et

404 2500 543 2601 viginti
559 2502 728 2577 denarios
744 2502 791 2577 ad
807 2501 945 2577 festum
969 2502 1082 2577 sancti
1100 2500 1232 2576 Jaoobi
1256 2500 1297 2575 in
1321 2502 1435 2577 ecclia
1457 2500 1572 2577 saneti
1596 2502 1759 2601 gregorii
1784 2501 1835 2575 de

403 2650 555 2734 newtoii
574 2649 615 2723 in
639 2648 811 2750 glendale
824 2690 834 2711 ·
848 2649 905 2723 Et
928 2674 995 2748 per
1018 2648 1116 2726 hanc
1139 2648 1366 2723 solucionem
1390 2648 1498 2723 liberi
1522 2658 1635 2724 erunt
1659 2649 1833 2725 monachi

404 2795 451 2868 de
477 2794 610 2871 melros
634 2796 681 2870 ab
706 2798 810 2870 omni
839 2795 1036 2870 exaccione
1065 2806 1105 2873 et
1132 2796 1320 2895 peticione
1348 2796 1580 2872 decimarum
1607 2813 1634 2870 t
1659 2797 1833 2873 omnium

404 2943 562 3019 aliarum
578 2944 854 3020 obventionum
879 2944 1124 3040 prochialium
1142 2954 1180 3019 te
1197 2944 1304 3021 terris
1329 2946 1506 3020 omnibus
1531 2947 1717 3022 contentis
1733 2948 1835 3022 inter

403 3091 537 3167 diuisas
554 3091 733 3191 expressas
749 3093 789 3166 in
806 3099 907 3166 carta
922 3091 1042 3166 Rosti
1067 3093 1115 3167 de
1139 3094 1329 3191 muscamii
1354 3092 1435 3190 q‘m
1463 3093 1555 3167 dicti
1579 3094 1753 3168 monachi
1768 3093 1834 3168 ha-

404 3237 496 3314 bent
523 3240 572 3313 de
600 3238 720 3338 t⁰lhop
734 3281 743 3301 ·
759 3241 847 3329 Que
874 3239 992 3314 diuise
1020 3237 1114 3314 tales
1142 3240 1228 3314 sunt
1242 3281 1251 3302 ·
1267 3236 1349 3335 scil3
1378 3239 1426 3313 ab
1456 3239 1625 3314 orientali
1651 3249 1757 3339 parte
1783 3241 1833 3314 de

403 3384 611 3460 aildunefot
626 3385 768 3460 sursum
786 3386 860 3487 usq
875 3385 923 3459 ad
940 3385 1187 3460 hethouswire
1211 3411 1279 3486 per
1298 3385 1414 3460 ficum
1432 3387 1558 3460 versus
1574 3387 1740 3462 austrum
1757 3387 1831 3488 vsq

403 3530 450 3605 ad
466 3529 729 3631 tlhopebume
745 3555 812 3631 per
827 3531 963 3606 vallem
988 3534 1065 3634 usq
1087 3531 1135 3606 ad
1160 3532 1280 3607 swirle
1303 3531 1351 3606 de
1375 3532 1680 3607 narueswinesete
1697 3549 1724 3608 t
1740 3532 1830 3608 inde

401 3678 494 3755 licut
518 3679 647 3756 boscus
673 3695 699 3754 t
723 3704 829 3755 mora
854 3679 1035 3754 diuidunt
1063 3680 1138 3780 vsq
1163 3679 1211 3753 ad
1238 3677 1719 3778 twiselelhopelheued·Et
1739 3679 1830 3755 inde

401 3826 543 3902 sursum
560 3827 658 3902 inter
674 3826 827 3902 boscum
844 3842 870 3900 t
887 3849 1033 3900 moram
1056 3827 1133 3925 usq
1157 3824 1205 3899 ad
1229 3823 1396 3924 oollegge
1410 3867 1419 3888 ·
1435 3840 1461 3899 t
1478 3827 1525 3899 fic
1541 3826 1669 3900 uersus
1685 3825 1828 3926 aquilo-

401 3994 490 4048 nem
507 3998 572 4074 per
588 3974 724 4049 diuisas
740 3975 839 4048 inter
854 3983 991 4047 terram
1007 3974 1105 4048 robti
1129 3970 1178 4047 de
1194 3974 1386 4071 muscamp
1405 3987 1431 4045 t
1447 3980 1586 4046 terram
1603 3972 1651 4048 de
1667 3972 1826 4048 cliltun·

402 4135 429 4196 t
452 4120 543 4196 inde
565 4147 632 4221 per
655 4122 757 4196 viam
782 4121 831 4194 de
853 4118 1125 4220 blakstauerige
1149 4119 1248 4193 inter
1272 4127 1409 4192 terram
1426 4119 1514 4194 Ros
1538 4119 1631 4194 dicti
1648 4136 1673 4194 t
1690 4128 1828 4195 tenum

399 4267 557 4343 Radulli
580 4269 669 4343 nani
692 4270 818 4344 versus
842 4268 1025 4343 orientem
1051 4282 1078 4341 t
1102 4267 1185 4366 post
1209 4266 1307 4339 inter
1331 4273 1469 4340 terram
1493 4265 1671 4366 sepedicti
1693 4267 1828 4342 Rosa

399 4387 536 4489 terrani
554 4415 794 4490 deheddune
817 4438 885 4514 per
908 4411 1127 4513 t⁰lhopburi1
1151 4413 1226 4513 usq,
1250 4412 1346 4488 dum
1371 4412 1500 4489 veniat
1524 4415 1573 4488 ad
1597 4413 1828 4513 vallemque

397 4561 503 4637 vadit
531 4562 674 4638 sursum
702 4586 725 4635 a
753 4561 994 4661 t⁰lhophume
1021 4560 1095 4661 vsq,
1126 4557 1175 4632 ad
1204 4559 1534 4660 witestauerigend
1551 4577 1606 4635 ιτ
1639 4560 1729 4636 inde
1762 4585 1829 4660 per

397 4733 556 4809 paruum
580 4708 696 4783 sicum
713 4706 761 4781 ab
776 4706 979 4805 aquilonali
1002 4713 1108 4805 parte
1135 4705 1182 4779 de
1208 4706 1313 4782 chest
1328 4746 1338 4768 ·
1354 4706 1428 4807 vsq,
1451 4706 1500 4781 ad
1523 4705 1828 4782 raxedebumet

396 4852 486 4930 inde
500 4856 627 4931 uersus
644 4852 858 4952 aquilonem
874 4878 941 4954 per
955 4853 1126 4928 semitam
1143 4877 1219 4953 que
1235 4852 1340 4929 vadit
1357 4853 1483 4928 versus
1500 4851 1677 4928 heddune
1692 4852 1769 4953 usq
1779 4854 1827 4927 ad
