4534 5850
491 542 571 617 2682
839 534 1200 617 MUNIMENTA
1225 537 1305 615 DE
1331 536 1573 617 MELROS.
1727 558 1812 615 suc.
1829 558 1924 615 xm.

491 761 615 835 versus
641 760 809 836 austrum
826 760 900 863 vsqs
927 762 975 835 ad
999 761 1295 860 trolhopeburne
1319 760 1546 861 pervellem
1570 762 1647 861 usq„
1672 760 1721 834 ad
1742 759 1862 835 swirle
1878 760 1924 833 de

489 908 773 981 naruswinesete
787 923 837 982 ἡ
854 908 943 982 inde
969 908 1063 983 ficut
1090 908 1222 983 boscus
1240 922 1266 981 t
1284 931 1387 981 mora
1412 908 1593 982 diuidunt
1617 931 1696 1007 usq,
1720 906 1769 980 ad
1793 905 1924 981 twisel·

489 1054 725 1154 hopeiheued
737 1070 786 1129 ἡ
802 1056 892 1130 inde
908 1055 1051 1129 sursum
1077 1056 1176 1129 inter
1201 1054 1353 1129 boscum
1372 1071 1397 1129 *t
1414 1078 1558 1128 moram
1583 1053 1660 1153 usq,
1681 1052 1729 1127 ad
1746 1052 1921 1153 colegge·

491 1217 517 1273 ”t
546 1201 595 1275 sic
624 1202 751 1275 uersus
777 1200 952 1299 aquilone
977 1220 1045 1299 per
1074 1200 1210 1275 diuisas
1236 1201 1335 1274 inter
1362 1208 1499 1273 terram
1528 1224 1652 1273 meam
1669 1218 1720 1274 ιῖ
1748 1172 1852 1273 pram
1878 1200 1926 1273 de

490 1346 622 1421 cliston
634 1386 644 1406 ·
656 1361 682 1420 t
696 1348 786 1420 inde
795 1370 863 1445 per
874 1346 976 1419 viam
987 1346 1035 1419 de
1046 1345 1313 1445 blakstafrigge
1325 1386 1334 1406 ·
1347 1346 1446 1419 inter
1457 1354 1594 1421 terram
1606 1368 1732 1419 meam
1747 1362 1774 1419 ”t
1786 1355 1923 1419 terram

491 1492 651 1569 Radulli
667 1493 769 1567 Nani
787 1493 912 1565 uersua
928 1492 1112 1565 orientem
1126 1507 1176 1566 ἡ
1193 1491 1275 1590 post
1291 1492 1391 1565 inter
1413 1464 1517 1565 pram
1542 1516 1666 1566 meam
1692 1501 1732 1565 et
1754 1466 1860 1566 liram
1878 1492 1924 1566 de

489 1640 645 1714 heddun
671 1664 739 1739 per
768 1637 1059 1736 trolhopebume
1087 1639 1164 1739 usq,
1190 1638 1286 1712 dum
1312 1639 1439 1711 veniat
1471 1638 1520 1711 ad
1548 1638 1687 1712 uallem
1714 1663 1790 1737 que
1819 1638 1923 1713 vadit

490 1788 634 1861 sursum
662 1811 685 1859 a
710 1783 1026 1883 trolhopebume·
1041 1784 1115 1885 usq,
1137 1783 1185 1858 ad
1201 1783 1520 1883 Witstafriggend
1535 1800 1584 1858 fit
1613 1786 1702 1859 inde
1718 1810 1786 1884 per
1802 1811 1922 1881 puum

491 1931 608 2007 ficum
629 1929 676 2004 ab
700 1930 904 2030 aquilonali
920 1939 983 2027 pte
999 1932 1048 2006 de
1064 1930 1180 2004 obest*
1197 1932 1272 2031 usq‚
1287 1930 1334 2005 ad
1351 1931 1630 2005 raxedebume·
1648 1949 1674 2007 ‘c
1690 1932 1780 2007 inde
1796 1933 1922 2013 uersus

490 2076 705 2178 aquilonem
721 2106 747 2173 p
762 2078 934 2152 semitam
950 2102 1027 2175 que
1043 2076 1150 2151 vadit
1165 2078 1293 2151 uersus
1318 2078 1474 2152 heddun
1499 2103 1579 2179 usq,
1602 2081 1649 2153 ad
1666 2079 1810 2179 quemd
1825 2081 1922 2156 ficri·

491 2243 517 2301 t
534 2226 582 2299 fic
596 2253 622 2320 p
638 2224 801 2299 eundem
818 2224 934 2299 ficum
954 2226 1078 2299 uersua
1095 2224 1277 2299 orientem
1295 2225 1428 2325 usq5i11
1446 2224 1777 2301 hedduneiburne·
1792 2245 1818 2303 ‘c
1834 2227 1882 2302 fic
1897 2254 1922 2323 p

377 2334 383 2343 ι
490 2372 802 2447 hedduneiburne
818 2372 989 2446 deorsum
1007 2373 1082 2471 usq⁵
1096 2372 1136 2445 in
1153 2370 1379 2446 aildunesfot
1393 2413 1403 2433 ·
1418 2371 1557 2447 Totam
1574 2372 1670 2447 hanc
1685 2349 1789 2447 pram
1803 2392 1829 2449 t
1841 2398 1921 2474 pas-

489 2528 574 2593 tura
591 2535 617 2594 t
634 2520 820 2619 quicquid
848 2521 1064 2593 continetur
1088 2518 1184 2592 infra
1213 2503 1450 2617 {inominataa
1467 2520 1602 2594 diuisas
1620 2520 1708 2595 dedi
1725 2538 1751 2595 *t
1769 2522 1921 2597 concedi

488 2650 626 2763 {idiotis
643 2666 835 2739 monachis
853 2683 879 2739 ἰ
896 2667 1009 2740 ecclic
1025 2666 1074 2740 de
1089 2664 1225 2739 melros
1241 2666 1282 2739 in
1300 2681 1471 2764 puramt
1488 2676 1667 2766 ppetuam
1685 2668 1920 2745 elemofinam

489 2821 533 2885 vt
557 2834 641 2883 eam
669 2811 784 2893 heaut
811 2820 965 2886 teneant
991 2820 1031 2886 et
1056 2810 1262 2909 pcffideant
1290 2814 1517 2913 inppetuum
1542 2816 1596 2889 ita
1620 2814 1734 2891 libere
1747 2860 1756 2878 ·
1770 2818 1901 2916 quiete
1911 2786 1927 2878 ·'

488 2957 599 3056 plene
617 2973 642 3031 *c
660 2957 863 3031 honorifice
880 2975 930 3034 ···t
947 2956 1068 3032 solute
1092 2957 1140 3030 ab
1165 2959 1270 3031 omni
1293 2933 1407 3034 lieno
1432 2962 1586 3036 semioio
1605 2980 1632 3039 t
1652 2965 1921 3038 consuetudine
1954 2971 1955 2974 ’

491 3121 517 3179 c
534 3105 731 3179 exaccione
748 3104 902 3178 seculari
919 3105 1013 3182 licut
1029 3104 1156 3203 aliqua
1171 3104 1369 3180 elemosina
1383 3105 1495 3182 libius
1509 3149 1520 3172 ·
1533 3109 1702 3206 quiecius
1726 3109 1875 3209 plenius
1892 3128 1918 3186 ”t

487 3252 796 3326 honorificenciua
813 3253 933 3326 teneri
949 3252 992 3350 iit
1008 3249 1070 3324 vel
1085 3251 1277 3349 podideri·
1295 3253 1470 3328 Concedo
1493 3255 1611 3328 eciam
1637 3256 1689 3330 eis
1706 3257 1754 3356 dd
1770 3256 1798 3331 fi
1823 3257 1918 3332 forte

487 3399 662 3474 animalia
687 3399 837 3496 iliorum
867 3422 935 3498 per
959 3399 1143 3472 incuriam
1173 3398 1236 3473 vel
1264 3423 1424 3472 errorem
1457 3402 1641 3474 euaserint
1672 3403 1714 3477 in
1747 3402 1916 3478 forestam

486 3571 611 3622 meam
627 3545 803 3622 forestarii
818 3546 895 3620 mei
911 3569 987 3620 non
1004 3547 1153 3645 capient
1164 3545 1253 3620 inde
1264 3545 1491 3622 occasionem
1507 3548 1739 3648 malignandi
1753 3553 1827 3624 ·set
1844 3553 1918 3628 fine

485 3694 653 3768 molestia
668 3703 707 3769 et
723 3693 848 3792 aliqua
864 3693 1049 3768 demanda
1068 3717 1112 3767 ea
1127 3693 1282 3768 reducet
1300 3695 1354 3770 Et
1370 3693 1458 3768 volo
1475 3703 1520 3769 ut
1537 3695 1670 3794 prefati
1687 3699 1861 3773 monachi
1877 3699 1916 3774 in

485 3840 621 3916 foresta
645 3865 730 3915 mea
758 3865 826 3939 per
851 3841 974 3915 visum
1003 3840 1239 3915 forestarioru
1269 3863 1442 3914 meorum
1472 3842 1666 3916 materiem
1696 3844 1743 3916 ad
1773 3843 1917 3920 edificia

484 3987 581 4061 infra
596 3989 780 4087 predictas
796 3987 931 4060 diuisae
946 3985 1114 4061 facienda
1129 3988 1196 4060 vbi
1214 3985 1348 4062 melius
1365 3995 1404 4060 et
1420 3987 1550 4062 vtilius
1568 3989 1621 4062 eis
1637 3989 1760 4063 visum
1777 3991 1912 4068 fueriti

483 4133 560 4206 fine
586 4134 692 4206 omni
721 4133 1015 4207 contradictione
1043 4133 1192 4231 capiant
1219 4133 1274 4207 Et
1289 4158 1362 4232 ego
1379 4151 1405 4207 *t
1423 4133 1575 4208 heredes
1600 4136 1677 4210 mei
1697 4146 1916 4213 manutene-

483 4279 608 4352 bimus
628 4296 654 4355 t
670 4279 997 4354 warantizabimus
1013 4279 1083 4354 hec
1098 4279 1226 4353 omnia
1242 4281 1417 4379 predictis
1433 4281 1624 4356 monachis
1641 4293 1772 4358 contra
1787 4308 1916 4360 omnes

482 4426 653 4503 homines
669 4428 717 4500 de
734 4427 839 4500 omni
856 4425 1072 4524 calumpnia
1096 4442 1123 4501 t
1149 4426 1450 4524 adquietabimua
1475 4451 1563 4528 erga
1587 4428 1678 4503 diim
1696 4429 1848 4530 Regem
1868 4434 1916 4507 de

482 4574 588 4649 omui
605 4573 737 4648 forensi
762 4581 801 4647 et
825 4549 939 4647 ‘tieno
963 4573 1119 4648 seruioio
1133 4615 1144 4638 ο
1159 4575 1247 4649 Hiis
1271 4574 1427 4648 testibus
1444 4575 1671 4650 Archiadiad
1688 4593 1714 4652 t
1731 4577 1914 4654 decano*

482 4725 589 4821 capio
615 4723 664 4795 de
692 4720 966 4820 Northymbria
978 4763 987 4784 ·
999 4722 1059 4796 P·
1076 4723 1160 4796 coffi
1187 4719 1234 4795 de
1259 4719 1405 4798 dunbar
1417 4761 1428 4784 ·
1440 4737 1466 4796 ”t
1480 4723 1536 4796 P·
1551 4721 1630 4797 filio
1646 4725 1748 4799 eius·
1764 4725 1855 4825 Ro&
1869 4725 1920 4800 de

481 4842 590 4946 dra.
604 4870 878 4973 cognom
891 4910 900 4931 ·
912 4866 1097 4965 oueneuq
1108 4867 1157 4943 ae
1168 4867 1442 4946 roranocae
1455 4867 1670 4948 amnon
1683 4871 1731 4948 ce
1741 4871 1915 4947 hamno.
