4534 5850
443 464 491 530 44
791 453 1151 534 MUNIMENTA
1176 453 1256 530 DE
1281 452 1520 531 MELROS.
1696 476 1780 530 sec.
1795 475 1873 532 xu.

445 673 593 749 Roledo
610 676 746 750 senesc·
764 677 927 754 Comitis
936 677 1079 779 petricij
1094 686 1222 776 ·petro
1239 677 1345 753 Ciioo
1369 678 1417 752 de
1434 676 1658 775 witingehr
1674 716 1685 738 ·
1702 675 1877 751 Aldredo

445 817 492 894 de
516 821 628 921 pople
647 865 655 883 ·
674 823 803 898 Rodio
836 823 916 898 filio
943 825 1016 924 iiii?
1045 825 1162 923 Rootj
1183 867 1193 890 ·
1213 823 1392 900 Walleuo
1415 825 1476 898 fic
1509 822 1652 898 Gileoti
1684 824 1794 919 psone
1826 820 1877 895 de

445 967 690 1068 Witingehfi·
705 969 876 1044 Aldredo
899 970 947 1046 de
971 970 1237 1046 Windichelei
1246 1011 1257 1032 ·
1275 968 1422 1044 Edulfo
1450 968 1554 1044 fabro
1580 969 1628 1041 de
1654 968 1875 1066 Witigehi·

445 1115 610 1190 Edwino
638 1114 1009 1192 forestario-Romo·
1022 1087 1158 1191 walio
1182 1115 1219 1190 le
1245 1115 1411 1215 burgulr'r
1429 1157 1439 1178 ·
1458 1115 1602 1216 Hugde
1627 1113 1804 1193 monacho
1829 1112 1878 1187 de

447 1261 619 1336 Kelehov
636 1303 647 1323 .
665 1261 778 1336 Nero
795 1263 843 1336 oe
856 1261 1000 1336 waiet·
1014 1303 1025 1324 .
1040 1261 1219 1361 Philippo
1235 1261 1283 1335 <re
1299 1271 1437 1361 peoox
1454 1301 1465 1325 ·
1481 1261 1635 1361 Nigello
1658 1233 1877 1355 rrowocj

447 1409 494 1482 de
510 1409 688 1508 pichebeo
705 1424 731 1482 *t
751 1407 886 1482 herede
903 1393 1122 1484 ·Aiexidro
1143 1416 1285 1509 pgnato
1311 1407 1428 1508 ipiius
1438 1382 1562 1506 Wale
1580 1407 1629 1482 dc
1652 1406 1877 1508 pinchebec·

449 1553 657 1629 Witeclino
672 1554 857 1630 brritoNe·

449 1845 653 1922 Confirmo⁰
669 1847 839 1924 Walleui
855 1848 1002 1923 comitis
1021 1887 1030 1910 ·
1049 1849 1097 1923 de
1112 1847 1358 1924 herteiheued

449 2118 664 2216 Walleuus
681 2164 804 2215 corner
816 2181 825 2202 ·
838 2139 971 2237 Offiib3
985 2142 1047 2214 sie
1062 2141 1154 2216 miio
1163 2141 1261 2215 eoiie
1272 2139 1359 2214 filiis
1374 2140 1481 2214 sartm
1493 2178 1504 2202 ·
1517 2137 1644 2214 Sciant
1655 2145 1734 2212 tem
1746 2135 1882 2236 poderi

448 2286 493 2384 q‘
503 2288 612 2386 pdtes
635 2311 698 2362 me
724 2287 948 2364 conceffione
971 2296 1012 2363 et
1031 2287 1162 2388 psensu
1178 2287 1323 2361 heredis
1338 2287 1414 2360 mei
1431 2286 1502 2359 deo
1518 2294 1558 2360 et
1573 2285 1673 2360 eodie
1687 2285 1748 2359 ide
1772 2285 1882 2363 coarie

449 2432 497 2507 de
510 2433 648 2522 melros
661 2477 670 2497 ·
685 2450 711 2510 *t
724 2435 914 2510 monachis
930 2434 1072 2510 ibidem
1090 2435 1162 2510 deo
1177 2433 1396 2528 seruientib3
1413 2433 1453 2506 in
1470 2440 1651 2531 ppetuam
1667 2431 1882 2507 elemosina·

449 2603 519 2678 pro
535 2565 649 2655 salute
665 2580 732 2654 diri
754 2583 831 2654 mei
854 2584 952 2680 regis
970 2622 980 2643 ·
997 2581 1153 2656 Wiiimi
1180 2588 1221 2654 et
1245 2581 1366 2686 dauid
1381 2579 1451 2655 frio
1467 2579 1523 2654 sui
1540 2619 1551 2642 ·
1570 2595 1597 2652 e
1613 2603 1683 2678 pro
1698 2579 1786 2653 saite
1801 2601 1885 2652 meo

453 2725 620 2826 epiugis
636 2749 720 2800 mee
743 2743 854 2827 epro
878 2727 1045 2822 onimab3
1076 2728 1153 2824 piis
1178 2734 1218 2800 et
1244 2727 1335 2800 miis
1361 2749 1445 2801 mee
1461 2765 1472 2789 ·
1487 2742 1514 2800 ”t
1530 2728 1610 2801 oim
1627 2724 1835 2818 anteoeffop
1859 2741 1885 2798 *t

452 2869 633 2961 suooeiiop
662 2893 774 2963 meop
799 2870 999 2949 oonceffiffe
1018 2913 1027 2935 ·
1046 2881 1086 2947 et
1109 2871 1179 2946 hoc
1202 2895 1287 2947 mea
1311 2877 1411 2947 carta
1430 2869 1613 2972 yfirmeffe
1642 2871 1884 2947 donacionem

453 3042 569 3119 quarn
594 3019 638 3116 pr
660 3040 769 3092 meus
785 3018 837 3093 eis
853 3017 942 3092 fecit
958 3019 1006 3093 de
1022 3017 1260 3092 hertissreued
1281 3027 1322 3092 et
1337 3020 1419 3117 spot
1442 3046 1467 3115 p
1490 3018 1573 3093 sues
1588 3027 1706 3093 rector
1722 3018 1856 3091 diuisas
1874 3056 1885 3077 ·

453 3138 518 3238 ini)
529 3166 565 3238 se
579 3207 589 3228 ·
605 3164 789 3239 estanton
802 3207 811 3227 ·
823 3188 916 3264 quar
928 3164 1068 3239 huersrt
1085 3164 1246 3260 tempib3
1263 3163 1380 3239 dauid
1390 3164 1488 3265 regis
1500 3173 1540 3239 et
1551 3165 1615 3239 aui
1626 3166 1703 3238 mei
1713 3164 1887 3240 ·noietim

454 3315 557 3401 inter,
573 3310 885 3411 presmunetburd
902 3351 912 3373 ·
931 3325 958 3385 *t
974 3310 1062 3385 broc
1081 3350 1092 3373 ·
1110 3318 1150 3385 et
1179 3314 1272 3385 ficut
1295 3311 1385 3385 broc
1408 3312 1516 3385 uodit
1539 3311 1588 3386 ad
1611 3310 1800 3387 helierden
1818 3353 1828 3374 ·
1846 3312 1889 3385 in

455 3461 563 3537 bosco
580 3444 620 3535 et
647 3458 785 3560 pleno·
806 3458 963 3557 *eptatis
979 3474 1006 3533 ‘t
1022 3458 1189 3558 pascuis·
1203 3458 1260 3534 Et
1285 3460 1379 3533 item
1409 3470 1609 3534 comunem
1624 3459 1813 3559 pasturam
1841 3458 1890 3533 de

456 3607 780 3686 momeaifiameta
793 3606 903 3681 deut
915 3606 1025 3681 meli?
1034 3606 1096 3703 ipe
1107 3607 1184 3705 piis
1196 3606 1272 3681 mei
1282 3605 1577 3682 tenuerunt·heo
1586 3607 1672 3707 itaq,
1681 3606 1890 3707 predictam

458 3756 694 3831 elemosinam
704 3754 791 3830 volo
807 3761 847 3829 et
862 3755 1027 3855 precipio
1037 3770 1075 3828 fc
1092 3752 1255 3829 concedo
1270 3762 1317 3828 ut
1332 3714 1492 3853 predicti
1501 3752 1675 3828 monachi
1685 3752 1890 3853 poffideant

460 3908 499 3975 et
510 3908 664 3976 teneant
680 3900 728 3975 de
746 3924 810 3975 me
825 3907 865 3973 et
881 3900 1052 3996 heredib3
1077 3902 1171 3976 meis
1195 3902 1424 4000 ioppetuum
1446 3901 1501 3973 ita
1523 3898 1638 3975 libam
1661 3909 1701 3974 et
1721 3900 1891 3999 quietem

459 4046 507 4121 ab
519 4046 623 4121 omni
638 4046 748 4120 serui⁰
764 4056 803 4119 et
818 4046 1041 4146 pinetudinc
1051 4053 1090 4119 et
1107 4048 1304 4123 exaccione
1320 4048 1422 4121 sciari
1440 4089 1450 4109 ·
1467 4046 1562 4123 ficut
1573 4046 1662 4122 aiios
1677 4045 1890 4121 clemofinas

460 4196 540 4269 suas
555 4191 668 4267 libius
680 4200 719 4267 et
731 4192 866 4292 q¹eeius
879 4200 917 4265 et
926 4189 1211 4268 honorificer'rei9
1222 4201 1354 4268 tenent
1366 4202 1406 4269 et
1421 4193 1604 4292 poffident
1615 4234 1625 4257 ·
1638 4207 1665 4268 *t
1680 4193 1776 4269 ficut
1791 4201 1891 4268 corto

459 4347 536 4443 piis
560 4341 637 4415 mei
661 4338 771 4415 meliso
787 4338 910 4414 testae
925 4347 965 4413 et
983 4338 1137 4440 pfirmat
1154 4380 1165 4403 ·
1184 4340 1268 4415 Has
1291 4349 1418 4417 autern
1441 4342 1624 4440 predictas
1647 4341 1783 4417 diuisor
1805 4316 1892 4415 dius

459 4511 588 4565 omnes
604 4488 708 4565 hoies
726 4528 735 4555 ·
754 4510 825 4587 ego
841 4495 881 4563 et
893 4485 1054 4591 ’heredes
1078 4486 1155 4561 mei
1178 4486 1353 4586 predictis
1377 4488 1537 4565 monach
1561 4486 1889 4566 warondzobinffl·

460 4637 583 4717 Test‘·
